1898 2866
733 128 812 209 qs*
840 130 932 188 tlze
971 131 1179 208 Kings
1631 141 1662 191 3

238 280 375 330 facit.
450 278 692 328 Hercules
727 279 780 328 in
816 298 875 328 ea
907 278 1037 340 loca,
1070 281 1303 347 Geryone
1338 280 1663 350 interemptO,

236 360 390 411 boves
411 361 541 410 mira
564 361 724 428 specie
747 360 1000 428 abegerat.
1055 361 1235 411 deinde
1258 381 1417 430 prope
1435 363 1663 412 Tiberim

238 441 447 492 fluvium
480 441 532 491 in
565 440 676 491 loco
707 441 936 504 herbido,
962 448 1022 491 ut
1054 442 1243 510 pabulo
1275 443 1411 493 laeto
1443 445 1666 493 reficeret
1687 465 1708 506 5

237 529 538 585 armentum,
583 523 702 590 ipse,
744 523 898 572 fessus
936 523 1033 584 via,
1076 522 1360 592 procubuit.
1436 525 1506 574 ibi
1550 543 1663 574 eum

238 604 352 654 cibo
386 605 604 672 vinoque
639 611 906 671 gravatum
943 625 1094 674 sopor
1129 608 1392 675 oppressit.

339 693 515 755 pastor
554 686 724 736 accola
764 687 868 736 eius
910 687 1024 750 loci,
1067 690 1269 738 nomine
1312 691 1487 750 Cacus,
1523 691 1664 740 ferox

238 768 443 832 viribus,
479 769 634 819 boum
672 770 1051 839 pulchritudine
1088 777 1265 840 captus
1301 778 1391 822 est.
1464 778 1663 821 tantam

237 851 476 920 praedam
512 852 770 902 avertendi
808 854 1035 922 cupidus,
1067 854 1189 903 haec
1225 873 1389 904 secum
1426 860 1663 922 reputat:

240 938 254 961 ‘
269 933 311 983 si
363 941 649 984 armentum
706 936 759 984 in
815 935 1101 1004 speluncam
1150 955 1311 986 meam
1360 936 1664 1006 compulerO,

237 1034 404 1065 nonne
439 1018 549 1085 ipsa
580 1018 793 1085 vestigia
828 1024 1151 1085 quaerentem
1187 1018 1450 1068 dominum
1486 1037 1546 1067 eo
1578 1017 1663 1067 de-

237 1097 425 1148 ducent
441 1100 481 1148 ?'
550 1100 723 1167 itaque
759 1119 951 1149 aversas
986 1100 1154 1161 boveS,
1192 1101 1377 1149 eximia
1411 1118 1664 1168 quamque

237 1180 418 1240 forma,
453 1181 623 1230 caudis
659 1182 711 1230 in
748 1182 1036 1250 speluncam
1074 1183 1250 1232 traxit.

338 1261 505 1329 prima
535 1261 644 1311 luce
677 1262 919 1312 Hercules
952 1281 1127 1311 somno
1160 1263 1354 1312 excitus
1387 1269 1476 1314 est.
1550 1283 1661 1313 cum

236 1342 387 1393 boves
433 1345 781 1412 perlustrasset
828 1347 998 1407 oculis,
1040 1352 1237 1414 partem
1279 1346 1448 1395 abesse
1490 1347 1659 1397 sensit.

237 1427 407 1494 pergit
428 1427 495 1476 ad
518 1429 799 1495 proximam
825 1428 1127 1496 speluncam,
1148 1428 1187 1476 si
1213 1429 1345 1477 forte
1369 1447 1428 1477 eo
1448 1430 1663 1498 vestigia

237 1508 439 1558 ferrent.
515 1509 602 1559 ubi
634 1529 692 1558 ea
725 1511 894 1558 omnia
925 1510 1058 1559 foras
1092 1529 1232 1559 versa
1265 1511 1411 1572 vidit,
1446 1512 1664 1561 incertus

237 1590 409 1650 animi,
457 1609 602 1657 agere
658 1609 808 1658 porro
864 1597 1149 1640 armentum
1206 1592 1387 1659 coepit.
1483 1592 1665 1642 deinde

1689 878 1736 905 10

1690 1286 1734 1326 15

237 1671 389 1722 boves
412 1673 660 1739 quaedam
684 1673 929 1722 desiderio
953 1674 1262 1735 relictarum,
1284 1680 1345 1723 ut
1373 1676 1450 1737 fit,
1474 1677 1666 1743 mugie-
1685 1698 1737 1724 20

236 1754 378 1805 bant.
452 1755 626 1803 statim
660 1755 861 1804 reddita
891 1762 966 1805 est
998 1775 1096 1805 vox
1128 1756 1283 1806 boum
1318 1775 1377 1806 ex
1412 1758 1660 1825 spelunca.

238 1856 351 1887 cum
407 1838 648 1887 Hercules
699 1838 817 1887 illuc
865 1845 1195 1907 properasset,
1247 1842 1403 1889 Cacus
1452 1859 1565 1890 eum
1614 1842 1663 1890 vi

237 1919 502 1987 prohibere
539 1926 746 1969 conatus
782 1926 871 1970 est.
946 1921 1031 1970 sed
1066 1922 1196 1970 ictus
1231 1921 1384 1982 clava,
1417 1921 1663 1971 auxilium

236 2007 499 2069 pastorum
535 2003 842 2069 nequiquam
880 2004 1131 2065 invocans,
1169 2023 1355 2072 poenas
1391 2003 1547 2053 dedit.

301 2184 500 2231 Growth
535 2184 601 2249 of
623 2186 787 2233 Rome,
866 2185 971 2234 The
1006 2185 1049 2232 A
1056 2186 1229 2251 systum.
1303 2186 1508 2233 Seiznre
1542 2186 1609 2250 qf

417 2265 494 2314 the
527 2266 710 2314 Sabine
746 2267 974 2315 maidevw.
1048 2266 1092 2315 A
1134 2268 1335 2333 trfflitzg·
1369 2284 1483 2316 war.

343 2396 390 2445 4.
464 2395 581 2444 urbs
623 2398 789 2445 Roma
830 2397 1080 2446 crescebat
1122 2398 1508 2458 munitionibus,
1551 2417 1665 2447 cum

240 2477 294 2526 in
334 2495 422 2544 spe
462 2477 663 2526 futurae
699 2478 1042 2527 multitudinis
1078 2478 1326 2528 Romulus
1363 2479 1663 2528 aedificaret.

239 2556 421 2606 deinde
475 2576 628 2607 novos
681 2558 866 2608 incolas
914 2559 1111 2608 allicere
1161 2559 1379 2619 volebat,
1428 2578 1489 2607 ne
1539 2578 1668 2608 vana

241 2635 380 2686 urbis
412 2638 712 2703 magnitudo
744 2645 884 2690 esset.
957 2640 1034 2689 ita
1056 2640 1240 2699 locum,
1264 2641 1353 2706 qui
1377 2659 1511 2689 nunc
1535 2642 1669 2689 inter

1420 2744 1538 2784 1-2
