1898 2866
238 135 311 186 22
779 102 904 183 'The
943 125 1128 201 Story

236 274 412 323 favisse
461 271 712 332 credebat,
759 271 1023 320 interfecit.
1117 271 1198 318 hic
1245 287 1419 336 regum
1467 269 1659 338 primus

237 355 485 405 traditum
517 373 548 403 a
579 353 832 422 prioribus
864 370 1052 401 morem
1083 350 1146 400 de
1170 350 1402 400 omnibus
1431 357 1660 400 senatum

237 436 526 486 consulendi
545 436 718 494 solvit;
743 434 1027 484 domesticis
1044 432 1262 482 consiliis
1279 451 1383 482 rem
1402 433 1658 501 publicam

165 541 216 567 20
237 517 642 578 administravit3
678 517 882 579 bellum,
920 534 1108 584 pacem,
1145 514 1360 573 foedera,
1400 514 1661 563 societates

237 618 326 667 per
361 619 411 649 se
447 601 570 668 ipse,
601 618 713 649 cum
746 599 929 667 quibus
962 598 1140 657 voluit,
1174 597 1363 646 iniussu
1394 595 1571 664 populi
1603 614 1661 644 ac

237 687 452 743 senatus,
478 682 598 731 fecit
622 682 938 748 diremitque.

339 764 406 813 ad
430 765 641 831 negotia
665 763 858 813 urbana
880 762 1103 811 animum
1129 761 1409 819 convertit;
1444 778 1660 828 quorum

237 851 346 894 erat
393 847 628 913 primum,
677 850 736 894 ut
783 844 915 893 Iovis
962 843 1226 911 templum,
1277 847 1660 891 monumentum

165 949 214 989 25
237 929 378 994 regni
420 929 495 977 sui
543 928 874 994 nominisque,
923 927 1240 994 relinqueret.
1314 931 1539 974 secutum
1585 930 1662 974 est

238 1010 638 1076 magnitudinem
706 1009 904 1076 imperii
971 1007 1275 1076 portendens
1341 1005 1658 1075 prodigium:

237 1097 392 1159 caput
415 1091 691 1140 humanum
723 1091 920 1156 integra
951 1089 1077 1138 facie
1108 1087 1450 1156 aperientibus
1481 1087 1660 1136 funda-

237 1179 410 1223 menta
434 1173 613 1242 templi
639 1173 828 1223 dicitur
849 1172 1167 1240 apparuisse3
1197 1189 1325 1238 quae
1350 1170 1456 1218 visa
1478 1169 1661 1238 species

237 1255 375 1306 haud
409 1274 499 1323 per
537 1254 772 1321 ambages
813 1271 976 1302 arcem
1018 1271 1127 1302 eam
1169 1252 1367 1320 imperii
1408 1256 1661 1319 caputque

166 1356 217 1394 30
237 1355 401 1386 rerum
461 1335 567 1385 fore
626 1333 976 1403 portendebat.
1076 1332 1301 1382 intentus
1360 1330 1660 1399 perficiendo

238 1417 446 1486 templo,
488 1417 643 1467 fabris
691 1415 914 1482 undique
961 1433 1022 1464 ex
1069 1413 1279 1463 Etruria
1324 1413 1512 1474 accitis,
1558 1431 1660 1462 non

236 1499 450 1566 pecunia
484 1498 644 1547 solum
681 1497 747 1547 ad
782 1496 836 1546 id
871 1496 1074 1564 publica
1105 1501 1182 1544 est
1214 1512 1344 1554 uSUS,
1376 1493 1462 1543 sed
1498 1494 1660 1561 operis

237 1583 391 1631 etiam
427 1600 488 1630 ex
530 1580 688 1649 plebe.
763 1580 850 1646 qui
893 1597 1003 1627 cum
1047 1577 1184 1626 haud
1225 1595 1407 1645 parvus
1448 1576 1660 1624 militiae

237 1663 507 1712 adderetur
530 1662 688 1722 labor,
715 1662 878 1710 minus
897 1666 1067 1708 tamen
1086 1658 1227 1726 plebs
1244 1657 1450 1706 nolebat
1468 1657 1660 1725 templa

166 1766 214 1804 35
236 1745 387 1793 deum
411 1744 670 1792 aedificare
694 1742 925 1792 manibus
950 1741 1062 1790 suis,

377 1949 522 1997 Gabii
557 1948 600 1996 is
636 1948 781 1995 taken
818 1947 878 2012 by
915 1946 1175 2012 treachery.
1254 1945 1359 1993 The
1394 1945 1524 2011 king·

645 2030 747 2077 and
781 2029 858 2077 the
883 2027 1238 2095 poppy-heads.

340 2162 418 2210 18.
492 2177 579 2207 rex
621 2158 828 2219 Gabios,
870 2157 1206 2225 propinquam
1248 2155 1439 2216 urbem,
1480 2155 1655 2222 nequi-

235 2259 389 2309 quam
423 2241 470 2289 vi
504 2239 728 2300 adortus,
761 2246 1014 2308 postremo
1047 2238 1251 2286 minime
1274 2242 1382 2285 arte
1407 2238 1656 2297 Romana,

236 2322 410 2373 fraude
445 2340 503 2370 ac
538 2321 674 2382 dolo,
709 2340 965 2388 aggressus
1002 2325 1090 2369 est.
1164 2321 1343 2368 Sextus
1386 2318 1516 2366 filius
1551 2318 1655 2366 eius

236 2404 510 2470 transfugit
568 2422 629 2451 ex
688 2403 966 2470 composito
1023 2401 1231 2460 Gabios,
1284 2400 1441 2466 patris
1498 2399 1549 2447 in
1605 2417 1655 2447 se

192 2507 213 2546 5
235 2486 494 2534 saevitiam
543 2484 910 2534 intolerabilem
958 2501 1275 2550 conquerens
1363 2482 1577 2547 benigne
1623 2499 1655 2528 a

237 2566 449 2614 Gabinis
489 2566 751 2633 excipitur.
825 2583 936 2613 cum
978 2564 1156 2612 sensim
1204 2562 1270 2611 ad
1310 2561 1652 2623 rebellandum

237 2646 476 2714 primores
500 2646 720 2695 civitatis
739 2646 989 2705 incitaret,
1008 2645 1112 2712 ipse
1131 2662 1243 2692 cum
1267 2641 1653 2711 promptissimis
