1898 2866
764 115 841 193 of
869 115 961 174 tlte
1001 115 1209 191 Kings
1619 121 1689 170 13

272 266 439 315 silium
488 263 724 332 oppressi.
797 281 899 311 non
945 261 1046 311 alia
1092 251 1210 310 ante
1252 262 1485 309 Romana
1524 276 1698 326 pugna
1721 274 1765 316 15

271 348 493 397 atrocior
526 346 640 395 fuit.

375 429 429 477 in
463 428 560 477 hoc
592 427 863 477 certamine
897 426 1002 493 regi
1035 427 1269 474 Romano
1301 424 1567 472 manifesta
1598 421 1699 471 fuit

273 510 433 560 Metti
447 509 673 577 perfidia.
735 509 776 557 is
794 507 948 557 Tullo
966 506 1188 556 devictos
1206 507 1374 556 hostes
1388 503 1697 572 gratulatum

274 597 453 641 contra
486 590 666 640 Tullus
699 590 943 638 Mettium
976 588 1191 655 benigne
1224 587 1514 654 alloquitur.
1588 603 1699 633 cen-

274 674 499 724 turiones
523 680 693 723 tamen
718 672 936 721 Romani
962 690 1075 720 eum
1100 670 1283 720 armati
1308 669 1697 719 circumsistunt.
1720 689 1770 715 20

274 770 364 803 rex
385 753 455 802 sic
478 751 695 801 Albanis
721 770 858 800 orsus
883 756 986 800 est:
1026 755 1039 777 ⁶
1056 750 1194 818 quod
1225 750 1344 799 felix
1378 750 1700 815 faustumque
1724 733 1731 740 ’

274 835 659 903 sit—populum
685 853 882 883 omnem
907 834 1170 883 Albanum
1194 836 1411 883 Romam
1441 831 1700 882 traducere

276 917 330 966 in
362 917 535 966 animo
571 922 662 977 est,
700 935 851 965 unam
889 914 1081 975 urbem,
1118 933 1269 964 unam
1305 933 1409 964 rem
1445 912 1701 982 publicam

277 999 468 1049 facere.'
526 998 592 1047 ad
616 998 737 1047 haec
755 998 962 1047 Albana
984 997 1159 1064 pubeS,
1178 997 1380 1046 inermis
1405 996 1471 1046 ab
1494 996 1702 1044 armatis

278 1087 468 1150 saepta,
505 1082 759 1130 communi
797 1086 936 1129 metu
978 1085 1204 1146 cogente,
1247 1080 1503 1128 silentium
1545 1083 1700 1127 tenet.
1724 1097 1771 1137 25

279 1169 391 1213 tum
413 1163 612 1224 Tullus,
640 1163 818 1212 ‘Metti
842 1164 885 1211 F
886 1163 1046 1223 ufeti,'
1065 1163 1249 1230 inquit,
1270 1161 1532 1228 ‘quoniam
1556 1166 1703 1209 tuum

279 1244 558 1295 insanabile
587 1244 846 1311 ingenium
879 1249 970 1304 est,
1004 1249 1060 1292 at
1093 1249 1152 1292 tu
1184 1248 1277 1292 tuo
1312 1241 1558 1309 supplicio
1583 1240 1704 1290 doce

279 1327 559 1377 humanum
605 1343 762 1393 genus
811 1344 868 1373 ea
915 1330 1089 1373 sancta
1136 1322 1350 1383 credere,
1396 1341 1524 1390 quae
1576 1340 1607 1370 a
1653 1326 1705 1369 te

281 1407 473 1457 violata
494 1412 626 1456 sunt.
701 1412 761 1455 ut
791 1406 953 1472 igitur
983 1405 1136 1473 paulo
1168 1410 1287 1454 ante
1317 1404 1541 1452 animum
1574 1402 1706 1451 inter

283 1488 551 1538 Fidenates
574 1489 930 1554 Romanosque
961 1487 1235 1555 ancipitem
1266 1487 1476 1553 gessisti,
1502 1487 1578 1536 ita
1604 1486 1706 1535 iam
1728 1511 1778 1549 30

282 1588 462 1638 corpus
480 1570 665 1637 passim
683 1568 1064 1618 distrahendum
1083 1567 1258 1618 dabis?
1315 1568 1494 1618 exinde
1512 1567 1707 1618 duabus

282 1651 502 1702 admotis
520 1651 794 1720 quadrigis,
813 1652 867 1701 in
885 1670 1055 1700 currus
1073 1669 1244 1700 earum
1262 1650 1431 1718 illigat
1444 1651 1702 1700 Mettium.

284 1733 466 1785 deinde
506 1734 560 1784 in
601 1733 851 1783 diversum
894 1734 992 1783 iter
1037 1733 1152 1801 equi
1201 1733 1442 1782 concitati
1490 1733 1707 1782 lacerum

283 1815 559 1886 proditoris
594 1834 774 1883 corpus
808 1815 1097 1864 distraxere.

386 1898 523 1949 inter
543 1898 668 1947 haec
700 1898 804 1946 iam
836 1897 1092 1964 praemissi
1116 1897 1307 1947 Albam
1332 1902 1478 1946 erant
1499 1897 1711 1964 equites,
1733 1916 1779 1955 35

285 1980 375 2050 qui
410 1979 794 2031 multitudinem
831 1979 1152 2028 traducerent
1187 1981 1418 2028 Romam.
1491 1978 1710 2045 legiones

287 2062 469 2113 deinde
527 2062 709 2112 ductae
767 2060 834 2110 ad
892 2060 1187 2110 diruendam
1246 2061 1436 2110 urbem.
1509 2059 1710 2126 egressis

289 2145 522 2205 Albanis,
569 2143 789 2193 Romani
838 2142 1007 2191 omnia
1054 2148 1191 2192 tecta
1237 2142 1523 2208 adaequant
1576 2140 1711 2199 solo,

291 2244 490 2292 unaque
512 2225 639 2273 hora
661 2222 1146 2291 quadringentorum
1180 2241 1425 2271 annorum
1458 2241 1600 2290 opus,
1625 2240 1714 2289 per

290 2326 417 2376 quos
470 2306 611 2356 Alba
666 2311 892 2366 steterat,
951 2305 1146 2354 excidio
1201 2324 1260 2353 ac
1315 2304 1471 2353 ruinis
1518 2303 1711 2353 dedere.
1734 2329 1786 2364 40

294 2389 496 2456 templis
537 2395 709 2438 tamen
750 2387 1046 2437 deum—ita
1086 2387 1219 2436 enim
1261 2386 1481 2435 edictum
1524 2405 1555 2433 a
1601 2403 1716 2451 rege

293 2474 810 2536 erat—temperatum
868 2473 957 2517 est.
1058 2468 1224 2516 Roma
1281 2466 1484 2515 interim
1543 2465 1716 2514 crescit

295 2547 461 2597 Albae
484 2548 656 2598 ruinis.
717 2547 1008 2615 duplicatur
1032 2547 1214 2596 civium
1239 2564 1495 2604 numerus3
1521 2544 1716 2594 Caelius

296 2647 438 2678 mons
469 2628 679 2679 additur
708 2628 835 2678 urbi.
909 2628 1158 2696 principes
1189 2626 1507 2676 Albanorum
1539 2624 1718 2674 Tullus

297 2711 351 2759 in
374 2716 605 2766 senatum
628 2710 768 2777 legit.
1741 2725 1788 2764 45
