1898 2866
759 117 836 197 <ff
864 119 958 178 the
998 120 1206 197 Kings
1623 129 1692 179 11

271 266 420 315 amici
452 271 660 316 ovantes
691 285 750 314 ac
781 266 1098 332 gratulantes
1123 266 1402 315 Horatium
1425 266 1696 335 accipiunt,

272 366 332 396 eo
379 347 567 396 maiore
616 366 728 396 cum
776 346 979 413 gaudio,
1029 366 1129 414 quo
1178 366 1335 416 prope
1382 354 1574 396 metum
1622 367 1696 396 res

272 428 451 478 fuerat.
525 428 591 477 ad
625 427 935 495 sepulturam
972 427 1088 476 inde
1124 447 1343 488 suorum,
1379 447 1696 495 nequaquam
1716 448 1766 489 45

271 508 477 578 paribus
518 508 712 570 animis,
763 514 1044 569 vertuntur,
1088 509 1300 576 imperio
1348 507 1494 557 alteri
1542 508 1696 570 aucti,

270 590 419 640 alteri
453 590 641 640 dicioni
677 591 869 639 alienae
905 589 1130 639 subiecti.

457 794 519 840 H
516 793 704 841 oratius
738 793 873 859 slays
908 792 985 840 his
1018 793 1172 841 sister.
1245 793 1349 842 His
1382 793 1512 841 trial.

378 930 456 979 10.
532 927 779 975 Horatius
822 926 930 976 ibat
973 927 1244 993 trigemina
1285 928 1446 994 spolia
1486 946 1606 995 prae
1652 946 1703 976 se

274 1029 461 1077 gerens,
536 1008 614 1058 cui
657 1027 795 1057 soror
836 1009 997 1074 virgo,
1038 1027 1166 1075 quae
1213 1008 1459 1076 desponsa
1506 1009 1592 1058 uni
1641 1027 1702 1057 ex

277 1091 515 1139 Curiatiis
539 1090 720 1150 fuerat,
746 1089 895 1138 obvia
924 1095 1044 1138 ante
1076 1096 1277 1156 portam
1305 1092 1558 1158 Capenam
1583 1091 1697 1140 fuit.

275 1171 580 1238 cognitoque
629 1189 776 1237 super
825 1171 1058 1219 humeros
1114 1171 1284 1219 fratris
1340 1171 1700 1239 paludamento

276 1252 460 1320 sponsi,
521 1251 657 1318 quod
717 1253 826 1319 ipsa
885 1252 1181 1313 confecerat,
1236 1253 1386 1302 solvit
1440 1254 1595 1302 crines
1649 1259 1744 1311 et5

276 1333 511 1382 flebiliter
569 1334 770 1383 nomine
829 1352 1065 1401 sponsum
1133 1340 1390 1382 mortuum
1457 1334 1697 1402 appellat.

277 1421 447 1464 movet
470 1416 645 1464 ferocis
677 1415 867 1464 iuvenis
900 1416 1124 1464 animum
1157 1415 1489 1484 comploratio
1522 1417 1700 1464 sororis

277 1497 331 1546 in
363 1497 575 1546 victoria
607 1516 695 1546 sua
730 1503 977 1564 tantoque
1012 1498 1199 1564 gaudio
1235 1498 1454 1566 publico.
1528 1499 1701 1565 itaque

278 1578 456 1626 stricto
495 1576 683 1644 gladio,
727 1575 875 1625 simul
917 1575 1079 1627 verbis
1121 1577 1397 1644 increpans,
1446 1577 1702 1643 transfigit

277 1659 512 1728 puellam.
618 1662 631 1686 ⁶
647 1658 731 1708 abi
778 1658 896 1707 hinc
944 1676 1054 1707 cum
1104 1658 1375 1706 immaturo
1422 1676 1591 1706 amore
1638 1657 1704 1706 ad
1731 1679 1776 1705 10

279 1741 548 1808 sponsum,'
608 1740 792 1807 inquit,
854 1743 867 1767 ‘
884 1738 1048 1788 oblita
1105 1739 1321 1788 fratrum
1389 1746 1703 1789 mortuorum

279 1823 498 1889 vivique,
556 1821 718 1871 oblita
775 1822 986 1889 patriae.
1095 1821 1163 1870 sic
1221 1826 1306 1870 eat
1363 1839 1705 1888 quaecumque

279 1905 512 1952 Romana
559 1902 756 1969 lugebit
802 1903 1031 1952 hostem?

382 1990 531 2034 atrox
555 1984 715 2033 visum
745 1983 798 2032 id
829 1984 1022 2032 facinus
1055 1983 1286 2052 patribus
1318 1983 1584 2052 plebique;
1620 1984 1706 2034 sed

279 2085 448 2116 recens
472 2067 708 2115 meritum
733 2065 870 2114 facto
895 2065 1148 2115 obstabat.
1222 2070 1393 2115 tamen
1426 2072 1602 2133 raptus
1631 2072 1707 2115 est
1733 2087 1776 2125 15

281 2148 335 2197 in
370 2147 448 2196 ius
482 2145 550 2195 ad
583 2164 764 2214 regem.
837 2152 949 2195 tum
987 2147 1254 2206 Horatius,
1290 2152 1494 2194 auctore
1535 2146 1706 2208 Tullo,

282 2228 527 2277 clemente
561 2227 682 2293 legis
725 2228 1017 2295 interprete,
1060 2232 1074 2256 ⁶
1090 2228 1339 2294 provoco‚'
1377 2227 1559 2294 inquit.
1632 2228 1707 2276 ita

283 2309 347 2359 de
360 2309 718 2377 provocatione
733 2314 980 2357 certatum
999 2314 1075 2357 est
1093 2308 1158 2356 ad
1177 2308 1435 2376 populum.
1498 2307 1706 2357 Publius

287 2391 536 2441 Horatius
568 2396 714 2457 pater
745 2391 1077 2458 proclamavit
1109 2408 1158 2438 se
1190 2390 1345 2438 filiam
1378 2390 1484 2438 iure
1516 2408 1705 2438 caesam

286 2473 521 2522 iudicare.
595 2472 774 2521 orabat
802 2472 982 2522 deinde
1014 2491 1076 2521 ne
1109 2490 1174 2533 se,
1199 2489 1347 2538 quem
1372 2489 1484 2520 cum
1508 2472 1708 2538 egregia
1727 2492 1779 2518 20

288 2555 445 2621 stirpe
469 2554 856 2621 conspexissent,
874 2554 1053 2603 orbum
1078 2553 1247 2602 liberis
1271 2552 1501 2601 facerent.
1576 2553 1708 2601 inter

288 2637 412 2686 haec
447 2653 595 2684 senex
629 2636 854 2684 iuvenem
899 2636 1173 2701 amplexus,
1211 2639 1224 2662 ‘
1239 2635 1484 2694 huncine,'
1521 2634 1705 2694 aiebat,
