1898 2866
246 873 449 939 THE
505 874 822 940 STORY
881 876 1006 941 oF
1069 876 1270 941 THE
1330 877 1664 943 KINGS.

274 1123 425 1170 Birta
460 1123 562 1171 and
594 1123 731 1188 early
761 1139 911 1188 years
946 1122 1015 1186 of
1034 1123 1274 1171 Romulus·
1308 1124 1411 1171 ancl
1444 1125 1637 1172 Remus.

349 1269 394 1318 1.
467 1270 577 1318 Rea
636 1267 809 1328 Silvia,
880 1267 1087 1318 Albana
1147 1268 1388 1330 sacerdos,
1444 1270 1670 1336 geminos

244 1368 424 1418 pueros
471 1349 646 1400 edidit.
743 1349 995 1410 AmuliUS‚
1044 1368 1131 1398 rex
1187 1349 1414 1411 crudeliS‚
1463 1350 1670 1400 Silvi-am

246 1432 298 1480 in
330 1431 610 1480 custodiam
644 1431 809 1490 dedit;
844 1450 1024 1499 pueros
1049 1431 1101 1480 in
1125 1430 1460 1499 profluentem
1485 1451 1669 1500 aquam

246 1513 386 1562 mitti
418 1514 577 1562 iussit.
651 1513 783 1563 forte
807 1531 866 1562 eo
890 1518 1116 1580 tempore
1141 1531 1289 1581 super
1311 1514 1447 1581 ripas
1471 1514 1670 1564 Tiberis

245 1594 428 1643 effusus
451 1601 575 1644 erat.
648 1596 822 1662 itaque
847 1595 899 1643 in
923 1595 1157 1662 proxima
1181 1595 1342 1643 eluvie
1374 1596 1516 1663 pueri
1550 1602 1671 1645 sunt
1693 1613 1713 1654 5

246 1677 478 1745 expositi.
556 1677 813 1745 paulisper
861 1676 1047 1736 alveus,
1094 1676 1146 1724 in
1195 1695 1296 1744 quo
1344 1678 1524 1738 iacent,
1572 1678 1670 1727 huc

245 1758 365 1808 illuc
413 1759 598 1809 fluitat.
679 1758 883 1808 tandem
931 1759 1095 1808 tenuis
1138 1777 1271 1825 aqua
1312 1778 1394 1808 eos
1441 1760 1494 1809 in
1541 1761 1670 1809 sicco

245 1842 497 1893 destituit.
571 1842 719 1891 simul
766 1842 888 1910 lupa
935 1842 1107 1890 sitiens
1155 1861 1216 1890 ex
1264 1843 1537 1905 montibus,
1581 1844 1671 1912 qui

246 1925 377 1974 circa
423 1930 557 1986 sunt,
593 1924 659 1973 ad
705 1924 947 1992 puerilem
989 1924 1218 1991 vagitum
1266 1943 1462 1974 cursum
1511 1926 1667 1976 flexit.

246 2025 366 2057 mox
411 2026 521 2056 eam
567 2007 745 2074 lingua
790 2006 1096 2055 lambentem
1148 2024 1327 2074 pueros
1383 2007 1670 2068 Faustulus,
1696 2029 1744 2055 ιο

248 2090 489 2156 magister
539 2090 663 2157 regii
719 2090 927 2158 pecoris,
974 2090 1198 2148 invenit;
1256 2090 1344 2155 qui
1400 2090 1670 2139 Larentiae

248 2171 392 2220 uxori
429 2190 510 2220 eos
546 2170 827 2220 educandos
864 2170 1019 2220 dedit.

353 2253 429 2302 ita
458 2254 618 2319 geniti
651 2254 934 2319 nutritique
967 2259 1085 2302 sunt
1117 2253 1364 2302 Romulus
1388 2259 1441 2302 et
1464 2255 1666 2303 Remus,

248 2342 439 2404 postea,
490 2336 589 2384 iam
649 2335 829 2396 adulti,
880 2334 1107 2384 venando
1167 2335 1322 2384 saltus
1380 2341 1664 2403 peragrant.

249 2418 366 2466 hinc
413 2416 567 2465 robur
612 2416 902 2484 corporibus
949 2416 1227 2483 animisque
1274 2422 1493 2466 sumunt.
1579 2435 1668 2465 nec
1694 2434 1738 2473 15

250 2499 351 2547 iam
383 2498 511 2546 feras
542 2503 745 2546 tantum
778 2499 1010 2564 agitant3
1047 2497 1132 2546 sed
1165 2499 1216 2546 in
1241 2498 1460 2547 latrones
1482 2498 1670 2565 praeda

251 2585 456 2628 onustos
498 2579 692 2628 faciunt
733 2580 964 2647 impetus
1038 2579 1324 2647 pastoribus
1359 2585 1509 2646 rapta
1542 2578 1670 2627 divi-

250 2659 399 2719 dunt,
436 2665 488 2707 et
524 2676 636 2706 cum
671 2659 748 2706 his
784 2659 912 2707 seria
944 2678 1002 2707 ac
1038 2660 1171 2707 iocos
1206 2666 1470 2725 peragunt.

382 2766 423 2796 E.
1523 2756 1545 2797 1·
