1898 2866
239 135 272 185 2
344 197 347 200 y
776 124 900 184 The
939 126 1124 201 Story

363 344 468 394 The
501 360 605 394 new
638 345 751 410 city.
829 345 936 394 The
959 362 1132 394 omens.
1212 346 1318 395 The
1338 346 1548 412 slaying

806 427 875 491 of
894 428 1087 476 Remus.

339 548 382 596 2.
458 564 575 595 mox
618 545 865 595 Romulus
908 548 1194 615 Remusque
1231 548 1470 598 volebant
1512 547 1566 597 in
1600 546 1662 596 iis

236 627 372 687 locis,
422 626 509 676 ubi
559 626 759 677 educati
807 634 968 688 erant,
1018 629 1193 679 urbem
1241 628 1464 679 condere.
1544 629 1662 679 hinc

236 708 439 758 foedum
487 714 739 758 certamen
793 729 824 759 a
877 710 991 759 miti
1045 710 1293 779 principio
1353 707 1522 761 ortum
1569 716 1660 761 est.

238 809 472 858 namque,
509 791 749 858 quoniam
796 792 984 858 gemini
1023 797 1182 853 erant,
1219 798 1355 842 aetas
1397 792 1662 842 discrimen

193 894 213 933 5
237 873 370 922 inter
410 892 492 922 eos
533 873 694 922 facere
740 892 843 922 non
890 880 1107 941 poterat.
1184 876 1358 936 ‘uter,'
1405 875 1662 942 inquiunt,

237 959 249 981 ‘
267 973 449 1003 nomen
472 973 632 1004 novae
655 954 770 1005 urbi
793 954 977 1005 dabit?
1034 962 1147 1005 uter
1169 956 1426 1006 conditam
1450 956 1663 1024 imperio

236 1040 377 1101 reget
393 1036 433 1084 θ’

339 1115 456 1165 deos
504 1117 663 1183 igitur
709 1118 922 1184 augurio
971 1118 1253 1168 consulunt.
1337 1120 1475 1169 cuius
1517 1139 1666 1170 causa

237 1199 430 1267 templa
453 1199 680 1267 capiunt,
705 1198 961 1248 Palatium
986 1199 1250 1262 Romulus,
1276 1202 1464 1251 Remus
1489 1204 1662 1252 Aven-

170 1303 216 1329 10
237 1283 418 1331 tinum.
469 1282 626 1350 priori
645 1283 808 1331 Remo
832 1282 1031 1349 signum
1053 1283 1212 1341 venit3
1238 1284 1317 1332 cui
1338 1302 1422 1333 sex
1441 1284 1664 1334 vultures

237 1361 339 1410 cito
374 1366 638 1428 apparent.
711 1360 808 1409 hoc
848 1362 1104 1422 nuntiato,
1141 1360 1405 1411 duodecim
1442 1363 1664 1413 Romulo

236 1462 337 1491 sese
400 1442 690 1493 ostendunt.
787 1449 1058 1511 utrumque
1115 1462 1281 1511 regem
1334 1444 1409 1493 sui
1457 1446 1664 1495 comites

236 1523 598 1574 salutaverunt.
657 1530 884 1593 tempore
909 1526 1042 1575 enim
1067 1525 1158 1586 illi,
1183 1526 1237 1575 hi
1261 1545 1469 1576 numero
1493 1529 1662 1578 avium

235 1625 447 1672 regnum
482 1606 578 1656 sibi
616 1606 958 1657 vindicabant.

172 1719 214 1758 15
339 1687 455 1737 inde
512 1706 625 1737 cum
681 1689 875 1755 magnis
931 1689 1231 1738 clamoribus
1287 1691 1550 1756 congressi,
1596 1690 1663 1740 ad

237 1770 437 1819 caedem
470 1775 748 1819 vertuntur.
824 1770 1046 1820 ludibrio
1082 1771 1251 1820 fratris
1288 1772 1475 1820 Remus
1507 1790 1662 1822 novos

236 1851 495 1901 transiluit
532 1870 712 1901 muros.
785 1852 960 1901 statim
997 1852 1062 1902 ab
1099 1852 1230 1902 irato
1267 1853 1489 1901 Romulo
1531 1854 1661 1903 ictus

236 1934 430 1983 cecidit.
505 1939 628 1982 tunc
664 1933 763 1994 ille,
797 1934 927 1995 ‘sic‚'
960 1934 1147 2000 inquit,
1179 1937 1398 2001 ‘pereat,
1433 1935 1660 2001 quicum-

237 2035 334 2083 que
359 2015 485 2065 alius
509 2016 759 2065 transiliet
785 2016 984 2065 moenia
1007 2018 1149 2065 mea?
1208 2016 1284 2065 ita
1307 2015 1438 2065 solus
1463 2018 1659 2084 potitus

169 2124 220 2151 20
237 2105 312 2149 est
367 2099 577 2166 imperio
629 2098 907 2157 Romulus3
967 2097 1173 2147 condita
1220 2098 1336 2148 urbs
1384 2098 1659 2149 conditoris

237 2181 438 2229 nomine
473 2179 733 2248 appellata
767 2185 857 2230 est.

276 2349 504 2397 Mention
538 2349 604 2414 (ff
628 2349 706 2398 the
742 2350 949 2416 worship
983 2350 1050 2415 (ff
1071 2351 1311 2400 Hercules
1345 2353 1622 2403 introduces

473 2430 550 2478 the
583 2436 719 2497 Story
754 2432 820 2497 of
843 2432 1081 2480 Hercules
1115 2434 1217 2480 and
1254 2433 1424 2483 Cacus.

340 2553 386 2602 3.
459 2551 712 2601 Palatium
754 2553 990 2620 primum,
1032 2552 1084 2602 in
1127 2571 1228 2619 quo
1269 2555 1374 2621 ipse
1416 2556 1656 2606 educatus

237 2637 364 2692 erat,
381 2632 627 2681 Romulus
651 2634 882 2683 munivit.
938 2653 1076 2683 sacra
1101 2635 1292 2684 Graeco
1316 2638 1421 2685 ritu
1446 2637 1656 2687 Herculi
