<?xml version="1.0" encoding="UTF-8"?>
<!DOCTYPE html PUBLIC "-//W3C//DTD XHTML 1.0 Transitional//EN"
    "http://www.w3.org/TR/xhtml1/DTD/xhtml1-transitional.dtd">
<html xmlns="http://www.w3.org/1999/xhtml" xml:lang="en" lang="en">
 <head>
  <title>
</title>
<meta http-equiv="Content-Type" content="text/html;charset=utf-8" />
  <meta name='ocr-system' content='tesseract 3.04.00' />
  <meta name='ocr-capabilities' content='ocr_page ocr_carea ocr_par ocr_line ocrx_word'/>
</head>
<body>
  <div class='ocr_page' id='page_1' title='image "./storyofkingsofro00livyuoft_0029.png"; bbox 0 0 1898 2866; ppageno 0'>
   <div class='ocr_carea' id='block_1_1' title="bbox 757 111 1687 191">
    <p class='ocr_par' dir='ltr' id='par_1_1' title="bbox 757 111 1687 191">
     <span class='ocr_line' id='line_1_1' title="bbox 757 111 1687 191; baseline 0.002 -22"><span class='ocrx_word' id='word_1_1' title='bbox 757 111 835 191; x_wconf 72' lang='lat' dir='ltr'>(ff</span> <span class='ocrx_word' id='word_1_2' title='bbox 863 111 956 170; x_wconf 77' lang='lat' dir='ltr'>the</span> <span class='ocrx_word' id='word_1_3' title='bbox 995 113 1202 190; x_wconf 69' lang='lat' dir='ltr'>Isings</span> <span class='ocrx_word' id='word_1_4' title='bbox 1259 122 1261 125; x_wconf 86' lang='grc'><strong>’</strong></span> <span class='ocrx_word' id='word_1_5' title='bbox 1653 121 1687 171; x_wconf 89' lang='grc'>9</span> 
     </span>
    </p>
   </div>
   <div class='ocr_carea' id='block_1_2' title="bbox 265 258 1770 1470">
    <p class='ocr_par' dir='ltr' id='par_1_2' title="bbox 265 258 1691 495">
     <span class='ocr_line' id='line_1_2' title="bbox 265 258 1688 325; baseline -0.004 -12"><span class='ocrx_word' id='word_1_6' title='bbox 265 263 399 325; x_wconf 70' lang='lat' dir='ltr'>hinc,</span> <span class='ocrx_word' id='word_1_7' title='bbox 436 262 589 313; x_wconf 86' lang='lat' dir='ltr'>Tullo</span> <span class='ocrx_word' id='word_1_8' title='bbox 631 267 852 322; x_wconf 88' lang='lat' dir='ltr'>auctore,</span> <span class='ocrx_word' id='word_1_9' title='bbox 894 266 1063 309; x_wconf 90' lang='lat' dir='ltr'>ortum</span> <span class='ocrx_word' id='word_1_10' title='bbox 1106 265 1181 308; x_wconf 89' lang='lat' dir='ltr'>est</span> <span class='ocrx_word' id='word_1_11' title='bbox 1221 259 1423 309; x_wconf 90' lang='lat' dir='ltr'>bellum.</span> <span class='ocrx_word' id='word_1_12' title='bbox 1496 258 1688 308; x_wconf 90' lang='lat' dir='ltr'>Albani</span> 
     </span>
     <span class='ocr_line' id='line_1_3' title="bbox 267 342 1691 414; baseline -0.005 -18"><span class='ocrx_word' id='word_1_13' title='bbox 267 347 456 414; x_wconf 78' lang='lat' dir='ltr'><strong>priores</strong></span> <span class='ocrx_word' id='word_1_14' title='bbox 492 345 687 412; x_wconf 78' lang='lat' dir='ltr'>ingenti</span> <span class='ocrx_word' id='word_1_15' title='bbox 724 343 945 392; x_wconf 86' lang='lat' dir='ltr'>exercitu</span> <span class='ocrx_word' id='word_1_16' title='bbox 980 342 1227 410; x_wconf 88' lang='lat' dir='ltr'>impetum</span> <span class='ocrx_word' id='word_1_17' title='bbox 1264 342 1486 399; x_wconf 82' lang='lat' dir='ltr'>faciunt3</span> <span class='ocrx_word' id='word_1_18' title='bbox 1529 346 1691 389; x_wconf 88' lang='lat' dir='ltr'>castra</span> 
     </span>
     <span class='ocr_line' id='line_1_4' title="bbox 265 423 1435 495; baseline -0.003 -20"><span class='ocrx_word' id='word_1_19' title='bbox 265 426 333 476; x_wconf 89' lang='lat' dir='ltr'>ab</span> <span class='ocrx_word' id='word_1_20' title='bbox 367 427 491 477; x_wconf 89' lang='lat' dir='ltr'>urbe</span> <span class='ocrx_word' id='word_1_21' title='bbox 526 427 750 495; x_wconf 91' lang='lat' dir='ltr'>quinque</span> <span class='ocrx_word' id='word_1_22' title='bbox 786 424 946 474; x_wconf 92' lang='lat' dir='ltr'>millia</span> <span class='ocrx_word' id='word_1_23' title='bbox 980 443 1215 493; x_wconf 85' lang='lat' dir='ltr'>passuum</span> <span class='ocrx_word' id='word_1_24' title='bbox 1252 423 1435 473; x_wconf 90' lang='lat' dir='ltr'>locant.</span> 
     </span>
    </p>

    <p class='ocr_par' dir='ltr' id='par_1_3' title="bbox 265 503 1770 1470">
     <span class='ocr_line' id='line_1_5' title="bbox 369 503 1763 567; baseline -0.004 -10"><span class='ocrx_word' id='word_1_25' title='bbox 369 508 422 557; x_wconf 93' lang='lat' dir='ltr'>in</span> <span class='ocrx_word' id='word_1_26' title='bbox 457 508 535 556; x_wconf 93' lang='lat' dir='ltr'>his</span> <span class='ocrx_word' id='word_1_27' title='bbox 571 506 745 556; x_wconf 89' lang='lat' dir='ltr'>castris</span> <span class='ocrx_word' id='word_1_28' title='bbox 783 505 1010 567; x_wconf 91' lang='lat' dir='ltr'>Cluilius,</span> <span class='ocrx_word' id='word_1_29' title='bbox 1047 504 1278 554; x_wconf 87' lang='lat' dir='ltr'>Albanus</span> <span class='ocrx_word' id='word_1_30' title='bbox 1319 523 1422 565; x_wconf 84' lang='lat' dir='ltr'>rex,</span> <span class='ocrx_word' id='word_1_31' title='bbox 1459 503 1686 553; x_wconf 88' lang='lat' dir='ltr'>moritur.</span> <span class='ocrx_word' id='word_1_32' title='bbox 1717 521 1763 547; x_wconf 88' lang='lat'>10</span> 
     </span>
     <span class='ocr_line' id='line_1_6' title="bbox 265 584 1691 639; baseline -0.004 0"><span class='ocrx_word' id='word_1_33' title='bbox 265 589 566 639; x_wconf 88' lang='lat' dir='ltr'>dictatorem</span> <span class='ocrx_word' id='word_1_34' title='bbox 599 588 791 639; x_wconf 90' lang='lat' dir='ltr'>Albani</span> <span class='ocrx_word' id='word_1_35' title='bbox 825 587 1071 636; x_wconf 90' lang='lat' dir='ltr'>Mettium</span> <span class='ocrx_word' id='word_1_36' title='bbox 1104 586 1362 636; x_wconf 85' lang='lat' dir='ltr'>Fufetium</span> <span class='ocrx_word' id='word_1_37' title='bbox 1392 591 1576 635; x_wconf 89' lang='lat' dir='ltr'>creant.</span> <span class='ocrx_word' id='word_1_38' title='bbox 1650 584 1691 634; x_wconf 88' lang='lat' dir='ltr'>is</span> 
     </span>
     <span class='ocr_line' id='line_1_7' title="bbox 266 670 1692 740; baseline -0.004 -18"><span class='ocrx_word' id='word_1_39' title='bbox 266 671 492 740; x_wconf 89' lang='lat' dir='ltr'>legatum</span> <span class='ocrx_word' id='word_1_40' title='bbox 523 670 803 740; x_wconf 85' lang='lat' dir='ltr'>praemisit,</span> <span class='ocrx_word' id='word_1_41' title='bbox 835 670 923 738; x_wconf 92' lang='lat' dir='ltr'>qui</span> <span class='ocrx_word' id='word_1_42' title='bbox 955 670 1110 719; x_wconf 86' lang='lat' dir='ltr'>Tullo</span> <span class='ocrx_word' id='word_1_43' title='bbox 1142 670 1402 719; x_wconf 83' lang='lat' dir='ltr'>nuntiaret</span> <span class='ocrx_word' id='word_1_44' title='bbox 1434 687 1559 736; x_wconf 91' lang='lat' dir='ltr'>opus</span> <span class='ocrx_word' id='word_1_45' title='bbox 1592 686 1692 717; x_wconf 89' lang='lat' dir='ltr'>esse</span> 
     </span>
     <span class='ocr_line' id='line_1_8' title="bbox 267 748 1692 821; baseline -0.004 -19"><span class='ocrx_word' id='word_1_46' title='bbox 267 752 537 821; x_wconf 89' lang='lat' dir='ltr'>colloquio,</span> <span class='ocrx_word' id='word_1_47' title='bbox 597 752 890 820; x_wconf 85' lang='lat' dir='ltr'>priusquam</span> <span class='ocrx_word' id='word_1_48' title='bbox 949 751 1261 800; x_wconf 83' lang='lat' dir='ltr'>dimicarent.</span> <span class='ocrx_word' id='word_1_49' title='bbox 1350 769 1463 799; x_wconf 91' lang='lat' dir='ltr'>cum</span> <span class='ocrx_word' id='word_1_50' title='bbox 1521 748 1692 817; x_wconf 83' lang='lat' dir='ltr'>paucis</span> 
     </span>
     <span class='ocr_line' id='line_1_9' title="bbox 266 831 1694 906; baseline -0.004 -20"><span class='ocrx_word' id='word_1_51' title='bbox 266 855 528 906; x_wconf 90' lang='lat' dir='ltr'>procerum</span> <span class='ocrx_word' id='word_1_52' title='bbox 563 835 618 884; x_wconf 88' lang='lat' dir='ltr'>in</span> <span class='ocrx_word' id='word_1_53' title='bbox 653 834 874 884; x_wconf 90' lang='lat' dir='ltr'>medium</span> <span class='ocrx_word' id='word_1_54' title='bbox 911 834 1059 883; x_wconf 89' lang='lat' dir='ltr'>duces</span> <span class='ocrx_word' id='word_1_55' title='bbox 1100 833 1393 902; x_wconf 89' lang='lat' dir='ltr'>procedunt.</span> <span class='ocrx_word' id='word_1_56' title='bbox 1466 831 1538 881; x_wconf 90' lang='lat' dir='ltr'>ibi</span> <span class='ocrx_word' id='word_1_57' title='bbox 1580 831 1694 880; x_wconf 86' lang='lat' dir='ltr'>infit</span> 
     </span>
     <span class='ocr_line' id='line_1_10' title="bbox 268 914 1763 985; baseline -0.007 -17"><span class='ocrx_word' id='word_1_58' title='bbox 268 917 522 968; x_wconf 88' lang='lat' dir='ltr'>Albanus:</span> <span class='ocrx_word' id='word_1_59' title='bbox 550 915 758 985; x_wconf 87' lang='lat' dir='ltr'>‘cupido</span> <span class='ocrx_word' id='word_1_60' title='bbox 777 916 975 984; x_wconf 87' lang='lat' dir='ltr'>imperii</span> <span class='ocrx_word' id='word_1_61' title='bbox 994 915 1120 964; x_wconf 92' lang='lat' dir='ltr'>duos</span> <span class='ocrx_word' id='word_1_62' title='bbox 1145 920 1384 982; x_wconf 88' lang='lat' dir='ltr'>cognatos</span> <span class='ocrx_word' id='word_1_63' title='bbox 1408 914 1694 980; x_wconf 90' lang='lat' dir='ltr'>vicinosque</span> <span class='ocrx_word' id='word_1_64' title='bbox 1719 929 1763 969; x_wconf 84' lang='lat'>15</span> 
     </span>
     <span class='ocr_line' id='line_1_11' title="bbox 267 994 1694 1069; baseline -0.005 -20"><span class='ocrx_word' id='word_1_65' title='bbox 267 1000 483 1069; x_wconf 88' lang='lat' dir='ltr'>populos</span> <span class='ocrx_word' id='word_1_66' title='bbox 506 998 573 1048; x_wconf 90' lang='lat' dir='ltr'>ad</span> <span class='ocrx_word' id='word_1_67' title='bbox 596 1017 737 1048; x_wconf 90' lang='lat' dir='ltr'>arma</span> <span class='ocrx_word' id='word_1_68' title='bbox 761 997 1005 1047; x_wconf 88' lang='lat' dir='ltr'>stimulat.</span> <span class='ocrx_word' id='word_1_69' title='bbox 1079 1015 1181 1045; x_wconf 91' lang='lat' dir='ltr'>non</span> <span class='ocrx_word' id='word_1_70' title='bbox 1205 995 1433 1045; x_wconf 87' lang='lat' dir='ltr'>contenti</span> <span class='ocrx_word' id='word_1_71' title='bbox 1457 994 1694 1044; x_wconf 88' lang='lat' dir='ltr'>libertate</span> 
     </span>
     <span class='ocr_line' id='line_1_12' title="bbox 269 1076 1691 1147; baseline -0.004 -16"><span class='ocrx_word' id='word_1_72' title='bbox 269 1087 422 1143; x_wconf 88' lang='lat' dir='ltr'>certa,</span> <span class='ocrx_word' id='word_1_73' title='bbox 458 1081 512 1130; x_wconf 90' lang='lat' dir='ltr'>in</span> <span class='ocrx_word' id='word_1_74' title='bbox 548 1080 755 1130; x_wconf 89' lang='lat' dir='ltr'>dubiam</span> <span class='ocrx_word' id='word_1_75' title='bbox 792 1078 989 1147; x_wconf 89' lang='lat' dir='ltr'>imperii</span> <span class='ocrx_word' id='word_1_76' title='bbox 1033 1077 1320 1144; x_wconf 88' lang='lat' dir='ltr'>servitiique</span> <span class='ocrx_word' id='word_1_77' title='bbox 1356 1076 1516 1126; x_wconf 87' lang='lat' dir='ltr'>aleam</span> <span class='ocrx_word' id='word_1_78' title='bbox 1549 1076 1691 1125; x_wconf 83' lang='lat' dir='ltr'>imUS.</span> 
     </span>
     <span class='ocr_line' id='line_1_13' title="bbox 270 1158 1694 1229; baseline -0.004 -18"><span class='ocrx_word' id='word_1_79' title='bbox 270 1163 461 1229; x_wconf 86' lang='lat' dir='ltr'>itaque,</span> <span class='ocrx_word' id='word_1_80' title='bbox 497 1161 537 1210; x_wconf 86' lang='lat' dir='ltr'>si</span> <span class='ocrx_word' id='word_1_81' title='bbox 571 1179 662 1210; x_wconf 91' lang='lat' dir='ltr'>nos</span> <span class='ocrx_word' id='word_1_82' title='bbox 699 1160 751 1210; x_wconf 92' lang='lat' dir='ltr'>di</span> <span class='ocrx_word' id='word_1_83' title='bbox 787 1165 980 1220; x_wconf 89' lang='lat' dir='ltr'>amant,</span> <span class='ocrx_word' id='word_1_84' title='bbox 1016 1160 1239 1208; x_wconf 90' lang='lat' dir='ltr'>ineamus</span> <span class='ocrx_word' id='word_1_85' title='bbox 1280 1158 1503 1226; x_wconf 90' lang='lat' dir='ltr'>aliquam</span> <span class='ocrx_word' id='word_1_86' title='bbox 1545 1158 1694 1219; x_wconf 91' lang='lat' dir='ltr'>viam,</span> 
     </span>
     <span class='ocr_line' id='line_1_14' title="bbox 270 1238 1696 1313; baseline -0.005 -19"><span class='ocrx_word' id='word_1_87' title='bbox 270 1262 374 1313; x_wconf 91' lang='lat' dir='ltr'>qua</span> <span class='ocrx_word' id='word_1_88' title='bbox 416 1243 514 1293; x_wconf 90' lang='lat' dir='ltr'>hoc</span> <span class='ocrx_word' id='word_1_89' title='bbox 556 1249 807 1292; x_wconf 88' lang='lat' dir='ltr'>certamen</span> <span class='ocrx_word' id='word_1_90' title='bbox 850 1242 953 1291; x_wconf 89' lang='lat' dir='ltr'>sine</span> <span class='ocrx_word' id='word_1_91' title='bbox 1002 1239 1165 1289; x_wconf 82' lang='lat' dir='ltr'>multo</span> <span class='ocrx_word' id='word_1_92' title='bbox 1213 1240 1452 1306; x_wconf 89' lang='lat' dir='ltr'>sanguine</span> <span class='ocrx_word' id='word_1_93' title='bbox 1499 1238 1696 1288; x_wconf 88' lang='lat' dir='ltr'>decerni</span> 
     </span>
     <span class='ocr_line' id='line_1_15' title="bbox 271 1320 1770 1393; baseline -0.005 -19"><span class='ocrx_word' id='word_1_94' title='bbox 271 1324 462 1393; x_wconf 85' lang='lat' dir='ltr'>possit.&#39;</span> <span class='ocrx_word' id='word_1_95' title='bbox 554 1323 692 1373; x_wconf 89' lang='lat' dir='ltr'>haud</span> <span class='ocrx_word' id='word_1_96' title='bbox 739 1322 972 1392; x_wconf 86' lang='lat' dir='ltr'>displicet</span> <span class='ocrx_word' id='word_1_97' title='bbox 1019 1340 1095 1370; x_wconf 88' lang='lat' dir='ltr'>res</span> <span class='ocrx_word' id='word_1_98' title='bbox 1141 1321 1309 1370; x_wconf 92' lang='lat' dir='ltr'>Tullo.</span> <span class='ocrx_word' id='word_1_99' title='bbox 1400 1339 1517 1369; x_wconf 83' lang='lat' dir='ltr'>mox</span> <span class='ocrx_word' id='word_1_100' title='bbox 1563 1320 1697 1369; x_wconf 92' lang='lat' dir='ltr'>ratio</span> <span class='ocrx_word' id='word_1_101' title='bbox 1718 1342 1770 1369; x_wconf 92' lang='lat'>20</span> 
     </span>
     <span class='ocr_line' id='line_1_16' title="bbox 273 1401 1625 1470; baseline -0.004 -16"><span class='ocrx_word' id='word_1_102' title='bbox 273 1406 448 1467; x_wconf 89' lang='lat' dir='ltr'>initur,</span> <span class='ocrx_word' id='word_1_103' title='bbox 485 1405 565 1454; x_wconf 92' lang='lat' dir='ltr'>cui</span> <span class='ocrx_word' id='word_1_104' title='bbox 602 1410 654 1454; x_wconf 91' lang='lat' dir='ltr'>et</span> <span class='ocrx_word' id='word_1_105' title='bbox 689 1405 896 1453; x_wconf 85' lang='lat' dir='ltr'>fortuna</span> <span class='ocrx_word' id='word_1_106' title='bbox 931 1403 1040 1470; x_wconf 92' lang='lat' dir='ltr'>ipsa</span> <span class='ocrx_word' id='word_1_107' title='bbox 1075 1401 1310 1470; x_wconf 91' lang='lat' dir='ltr'>praebuit</span> <span class='ocrx_word' id='word_1_108' title='bbox 1349 1401 1625 1450; x_wconf 81' lang='lat' dir='ltr'>materiam.</span> 
     </span>
    </p>
   </div>
   <div class='ocr_carea' id='block_1_3' title="bbox 394 1602 1591 1655">
    <p class='ocr_par' dir='ltr' id='par_1_4' title="bbox 394 1602 1591 1655">
     <span class='ocr_line' id='line_1_17' title="bbox 394 1602 1591 1655; baseline -0.003 -1"><span class='ocrx_word' id='word_1_109' title='bbox 394 1607 594 1655; x_wconf 75' lang='lat' dir='ltr'>Combat</span> <span class='ocrx_word' id='word_1_110' title='bbox 631 1606 832 1653; x_wconf 78' lang='lat' dir='ltr'>between</span> <span class='ocrx_word' id='word_1_111' title='bbox 869 1604 946 1652; x_wconf 78' lang='lat' dir='ltr'>the</span> <span class='ocrx_word' id='word_1_112' title='bbox 981 1604 1189 1651; x_wconf 72' lang='lat' dir='ltr'>Horatii</span> <span class='ocrx_word' id='word_1_113' title='bbox 1225 1603 1328 1650; x_wconf 77' lang='lat' dir='ltr'>ancl</span> <span class='ocrx_word' id='word_1_114' title='bbox 1365 1602 1591 1651; x_wconf 73' lang='lat' dir='ltr'>Curiatii.</span> 
     </span>
    </p>
   </div>
   <div class='ocr_carea' id='block_1_4' title="bbox 275 1738 1778 2704">
    <p class='ocr_par' dir='ltr' id='par_1_5' title="bbox 275 1738 1778 2542">
     <span class='ocr_line' id='line_1_18' title="bbox 378 1738 1698 1805; baseline -0.003 -14"><span class='ocrx_word' id='word_1_115' title='bbox 378 1743 423 1793; x_wconf 88' lang='lat'>9.</span> <span class='ocrx_word' id='word_1_116' title='bbox 499 1742 629 1789; x_wconf 84' lang='lat' dir='ltr'>forte</span> <span class='ocrx_word' id='word_1_117' title='bbox 653 1740 707 1788; x_wconf 88' lang='lat' dir='ltr'>in</span> <span class='ocrx_word' id='word_1_118' title='bbox 731 1738 927 1788; x_wconf 86' lang='lat' dir='ltr'>duobus</span> <span class='ocrx_word' id='word_1_119' title='bbox 953 1738 1254 1787; x_wconf 83' lang='lat' dir='ltr'>exercitibus</span> <span class='ocrx_word' id='word_1_120' title='bbox 1278 1743 1423 1787; x_wconf 89' lang='lat' dir='ltr'>erant</span> <span class='ocrx_word' id='word_1_121' title='bbox 1442 1739 1698 1805; x_wconf 85' lang='lat' dir='ltr'>trigemini</span> 
     </span>
     <span class='ocr_line' id='line_1_19' title="bbox 275 1821 1700 1889; baseline -0.003 -15"><span class='ocrx_word' id='word_1_122' title='bbox 275 1825 471 1886; x_wconf 87' lang='lat' dir='ltr'>fratres,</span> <span class='ocrx_word' id='word_1_123' title='bbox 496 1842 586 1872; x_wconf 90' lang='lat' dir='ltr'>nec</span> <span class='ocrx_word' id='word_1_124' title='bbox 609 1828 776 1872; x_wconf 87' lang='lat' dir='ltr'>aetate</span> <span class='ocrx_word' id='word_1_125' title='bbox 808 1840 898 1870; x_wconf 90' lang='lat' dir='ltr'>nec</span> <span class='ocrx_word' id='word_1_126' title='bbox 931 1821 1118 1870; x_wconf 86' lang='lat' dir='ltr'>viribus</span> <span class='ocrx_word' id='word_1_127' title='bbox 1148 1821 1382 1889; x_wconf 83' lang='lat' dir='ltr'>dispareS.</span> <span class='ocrx_word' id='word_1_128' title='bbox 1456 1821 1700 1870; x_wconf 85' lang='lat' dir='ltr'>Horatios</span> 
     </span>
     <span class='ocr_line' id='line_1_20' title="bbox 278 1902 1701 1971; baseline -0.003 -16"><span class='ocrx_word' id='word_1_129' title='bbox 278 1906 628 1971; x_wconf 90' lang='lat' dir='ltr'>Curiatiosque</span> <span class='ocrx_word' id='word_1_130' title='bbox 676 1904 825 1952; x_wconf 87' lang='lat' dir='ltr'>fuisse</span> <span class='ocrx_word' id='word_1_131' title='bbox 873 1903 993 1952; x_wconf 91' lang='lat' dir='ltr'>satis</span> <span class='ocrx_word' id='word_1_132' title='bbox 1041 1908 1253 1952; x_wconf 89' lang='lat' dir='ltr'>constat.</span> <span class='ocrx_word' id='word_1_133' title='bbox 1326 1907 1495 1951; x_wconf 90' lang='lat' dir='ltr'>tamen</span> <span class='ocrx_word' id='word_1_134' title='bbox 1544 1902 1598 1951; x_wconf 93' lang='lat' dir='ltr'>in</span> <span class='ocrx_word' id='word_1_135' title='bbox 1648 1921 1701 1951; x_wconf 89' lang='lat' dir='ltr'>re</span> 
     </span>
     <span class='ocr_line' id='line_1_21' title="bbox 276 1983 1701 2053; baseline -0.003 -17"><span class='ocrx_word' id='word_1_136' title='bbox 276 1994 384 2037; x_wconf 89' lang='lat' dir='ltr'>tam</span> <span class='ocrx_word' id='word_1_137' title='bbox 427 1987 562 2036; x_wconf 91' lang='lat' dir='ltr'>clara</span> <span class='ocrx_word' id='word_1_138' title='bbox 601 1987 862 2035; x_wconf 91' lang='lat' dir='ltr'>nominum</span> <span class='ocrx_word' id='word_1_139' title='bbox 904 2003 1040 2034; x_wconf 91' lang='lat' dir='ltr'>error</span> <span class='ocrx_word' id='word_1_140' title='bbox 1081 1989 1267 2045; x_wconf 87' lang='lat' dir='ltr'>manet,</span> <span class='ocrx_word' id='word_1_141' title='bbox 1315 1983 1477 2032; x_wconf 90' lang='lat' dir='ltr'>utrius</span> <span class='ocrx_word' id='word_1_142' title='bbox 1524 1983 1701 2053; x_wconf 90' lang='lat' dir='ltr'>populi</span> 
     </span>
     <span class='ocr_line' id='line_1_22' title="bbox 279 2063 1745 2133; baseline -0.004 -15"><span class='ocrx_word' id='word_1_143' title='bbox 279 2069 504 2129; x_wconf 85' lang='lat' dir='ltr'>Horatii,</span> <span class='ocrx_word' id='word_1_144' title='bbox 554 2067 716 2116; x_wconf 90' lang='lat' dir='ltr'>utrius</span> <span class='ocrx_word' id='word_1_145' title='bbox 765 2066 979 2116; x_wconf 88' lang='lat' dir='ltr'>Curiatii</span> <span class='ocrx_word' id='word_1_146' title='bbox 1027 2066 1230 2115; x_wconf 88' lang='lat' dir='ltr'>fuerint.</span> <span class='ocrx_word' id='word_1_147' title='bbox 1318 2063 1482 2133; x_wconf 89' lang='lat' dir='ltr'>plures</span> <span class='ocrx_word' id='word_1_148' title='bbox 1530 2070 1701 2114; x_wconf 88' lang='lat' dir='ltr'>tamen</span> <span class='ocrx_word' id='word_1_149' title='bbox 1725 2085 1745 2125; x_wconf 86' lang='lat'>5</span> 
     </span>
     <span class='ocr_line' id='line_1_23' title="bbox 278 2146 1698 2215; baseline -0.003 -17"><span class='ocrx_word' id='word_1_150' title='bbox 278 2149 479 2198; x_wconf 88' lang='lat' dir='ltr'>invenio</span> <span class='ocrx_word' id='word_1_151' title='bbox 518 2154 744 2197; x_wconf 87' lang='lat' dir='ltr'>auctores</span> <span class='ocrx_word' id='word_1_152' title='bbox 787 2149 873 2215; x_wconf 90' lang='lat' dir='ltr'>qui</span> <span class='ocrx_word' id='word_1_153' title='bbox 920 2149 1175 2195; x_wconf 88' lang='lat' dir='ltr'>Romanos</span> <span class='ocrx_word' id='word_1_154' title='bbox 1219 2146 1463 2195; x_wconf 88' lang='lat' dir='ltr'>Horatios</span> <span class='ocrx_word' id='word_1_155' title='bbox 1505 2151 1698 2195; x_wconf 88' lang='lat' dir='ltr'>vocent.</span> 
     </span>
     <span class='ocr_line' id='line_1_24' title="bbox 278 2227 1702 2298; baseline -0.004 -18"><span class='ocrx_word' id='word_1_156' title='bbox 278 2232 370 2280; x_wconf 89' lang='lat' dir='ltr'>hos</span> <span class='ocrx_word' id='word_1_157' title='bbox 401 2237 461 2280; x_wconf 93' lang='lat' dir='ltr'>ut</span> <span class='ocrx_word' id='word_1_158' title='bbox 494 2249 672 2298; x_wconf 88' lang='lat' dir='ltr'>sequar</span> <span class='ocrx_word' id='word_1_159' title='bbox 703 2230 914 2279; x_wconf 88' lang='lat' dir='ltr'>inclinat</span> <span class='ocrx_word' id='word_1_160' title='bbox 946 2230 1155 2278; x_wconf 85' lang='lat' dir='ltr'>animus.</span> <span class='ocrx_word' id='word_1_161' title='bbox 1229 2228 1521 2296; x_wconf 90' lang='lat' dir='ltr'>priusquam</span> <span class='ocrx_word' id='word_1_162' title='bbox 1554 2227 1702 2276; x_wconf 88' lang='lat' dir='ltr'>dimi—</span> 
     </span>
     <span class='ocr_line' id='line_1_25' title="bbox 280 2308 1702 2373; baseline -0.004 -12"><span class='ocrx_word' id='word_1_163' title='bbox 280 2319 467 2373; x_wconf 86' lang='lat' dir='ltr'>carent,</span> <span class='ocrx_word' id='word_1_164' title='bbox 487 2312 661 2360; x_wconf 85' lang='lat' dir='ltr'>foedus</span> <span class='ocrx_word' id='word_1_165' title='bbox 680 2313 837 2360; x_wconf 89' lang='lat' dir='ltr'>ictum</span> <span class='ocrx_word' id='word_1_166' title='bbox 856 2317 932 2360; x_wconf 92' lang='lat' dir='ltr'>est</span> <span class='ocrx_word' id='word_1_167' title='bbox 956 2311 1090 2359; x_wconf 88' lang='lat' dir='ltr'>inter</span> <span class='ocrx_word' id='word_1_168' title='bbox 1108 2312 1364 2359; x_wconf 87' lang='lat' dir='ltr'>Romanos</span> <span class='ocrx_word' id='word_1_169' title='bbox 1388 2314 1439 2357; x_wconf 92' lang='lat' dir='ltr'>et</span> <span class='ocrx_word' id='word_1_170' title='bbox 1457 2308 1702 2368; x_wconf 78' lang='lat' dir='ltr'>Albanos,</span> 
     </span>
     <span class='ocr_line' id='line_1_26' title="bbox 281 2388 1704 2460; baseline -0.005 -17"><span class='ocrx_word' id='word_1_171' title='bbox 281 2401 356 2455; x_wconf 91' lang='lat' dir='ltr'>ut,</span> <span class='ocrx_word' id='word_1_172' title='bbox 394 2395 532 2442; x_wconf 91' lang='lat' dir='ltr'>cuius</span> <span class='ocrx_word' id='word_1_173' title='bbox 567 2392 745 2460; x_wconf 89' lang='lat' dir='ltr'>populi</span> <span class='ocrx_word' id='word_1_174' title='bbox 782 2393 911 2441; x_wconf 87' lang='lat' dir='ltr'>cives</span> <span class='ocrx_word' id='word_1_175' title='bbox 954 2392 1202 2452; x_wconf 87' lang='lat' dir='ltr'>vicissent,</span> <span class='ocrx_word' id='word_1_176' title='bbox 1246 2390 1285 2438; x_wconf 90' lang='lat' dir='ltr'>is</span> <span class='ocrx_word' id='word_1_177' title='bbox 1328 2390 1475 2438; x_wconf 90' lang='lat' dir='ltr'>alteri</span> <span class='ocrx_word' id='word_1_178' title='bbox 1513 2388 1704 2457; x_wconf 90' lang='lat' dir='ltr'>populo</span> 
     </span>
     <span class='ocr_line' id='line_1_27' title="bbox 281 2475 1778 2542; baseline -0.002 -18"><span class='ocrx_word' id='word_1_179' title='bbox 281 2475 611 2542; x_wconf 87' lang='lat' dir='ltr'>imperitaret.</span> <span class='ocrx_word' id='word_1_180' title='bbox 1732 2496 1778 2522; x_wconf 92' lang='lat'>10</span> 
     </span>
    </p>

    <p class='ocr_par' dir='ltr' id='par_1_6' title="bbox 283 2553 1708 2704">
     <span class='ocr_line' id='line_1_28' title="bbox 386 2553 1705 2623; baseline -0.004 -18"><span class='ocrx_word' id='word_1_181' title='bbox 386 2555 565 2605; x_wconf 88' lang='lat' dir='ltr'>deinde</span> <span class='ocrx_word' id='word_1_182' title='bbox 613 2557 869 2623; x_wconf 87' lang='lat' dir='ltr'>trigemini</span> <span class='ocrx_word' id='word_1_183' title='bbox 925 2575 1064 2604; x_wconf 88' lang='lat' dir='ltr'>arma</span> <span class='ocrx_word' id='word_1_184' title='bbox 1119 2555 1357 2622; x_wconf 78' lang='lat' dir='ltr'>capiunt3</span> <span class='ocrx_word' id='word_1_185' title='bbox 1413 2554 1597 2602; x_wconf 88' lang='lat' dir='ltr'>feroces</span> <span class='ocrx_word' id='word_1_186' title='bbox 1652 2553 1705 2601; x_wconf 90' lang='lat' dir='ltr'>in</span> 
     </span>
     <span class='ocr_line' id='line_1_29' title="bbox 283 2633 1708 2704; baseline -0.004 -18"><span class='ocrx_word' id='word_1_187' title='bbox 283 2637 503 2687; x_wconf 86' lang='lat' dir='ltr'>medium</span> <span class='ocrx_word' id='word_1_188' title='bbox 537 2637 670 2686; x_wconf 88' lang='lat' dir='ltr'>inter</span> <span class='ocrx_word' id='word_1_189' title='bbox 701 2637 824 2686; x_wconf 85' lang='lat' dir='ltr'>duas</span> <span class='ocrx_word' id='word_1_190' title='bbox 857 2638 983 2686; x_wconf 86' lang='lat' dir='ltr'>acies</span> <span class='ocrx_word' id='word_1_191' title='bbox 1015 2636 1309 2704; x_wconf 90' lang='lat' dir='ltr'>procedunt.</span> <span class='ocrx_word' id='word_1_192' title='bbox 1383 2633 1708 2684; x_wconf 88' lang='lat' dir='ltr'>consederant</span> 
     </span>
    </p>
   </div>
  </div>
 </body>
</html>
