1898 2866
713 140 790 220 of
818 141 911 200 the
949 142 1155 220 Kings
1576 153 1645 205 17

223 292 458 355 expertus
515 287 739 336 futuram
798 288 1022 349 dixisset,
1083 292 1095 315 ‘
1112 289 1258 356 atqui
1327 289 1421 338 hoc
1479 290 1649 338 animo

223 369 447 434 agitavi‚'
481 369 667 435 inquit,
703 372 783 418 ‘te
819 370 1063 419 novacula
1104 375 1267 419 cotem
1310 369 1645 420 discissuram.

225 467 346 516 cape
380 449 519 509 haec,
553 456 605 499 et
641 468 822 518 perage
863 451 1002 518 quod
1044 470 1156 500 aves
1198 457 1317 501 tuae
1361 453 1465 501 fieri
1508 471 1648 520 posse
1671 475 1721 512 30

224 530 568 598 portendunt.'
626 537 737 580 tum
757 531 900 581 illum
919 532 1057 581 haud
1075 539 1374 583 cunctanter
1396 533 1649 582 discidisse

225 617 387 660 cotem
422 612 606 662 ferunt.
679 619 850 662 statua
884 613 1006 662 Atti
1042 614 1207 681 capite
1244 614 1427 674 velat0,
1462 633 1564 681 quo
1596 616 1648 663 in
1675 629 1680 633 ·

224 692 335 742 loco
357 712 433 742 res
464 700 580 743 acta
611 699 702 756 est,
735 695 787 743 in
821 695 1029 744 comitio
1062 695 1176 744 fuit.
1251 701 1415 745 cotem
1449 715 1649 763 quoque

225 774 397 824 eodem
456 775 566 825 loco
625 777 774 825 sitam
834 777 982 826 fuisse
1043 783 1340 839 memorant,
1401 783 1459 827 ut
1524 783 1650 827 esset

225 857 452 906 miraculi
475 858 580 906 eius
604 865 1001 909 monumentum.
1063 860 1285 926 auguriis
1310 866 1442 909 certe
1473 866 1650 909 tantus
1673 876 1719 916 35

225 938 388 988 honor
416 941 636 1001 accessit,
671 947 729 990 ut
760 941 889 990 nihil
921 942 1040 992 belli
1074 942 1312 1010 domique
1336 949 1527 1010 postea,
1553 943 1647 991 nisi

225 1020 500 1087 auspicato,
536 1027 808 1087 gereretur,
846 1023 1057 1071 concilia
1091 1023 1267 1091 populi
1305 1024 1649 1090 exercitusque

226 1102 409 1163 vocati,
445 1102 534 1152 ubi
570 1122 682 1152 aves
717 1122 818 1153 non
855 1104 1184 1166 admisissent,
1222 1103 1589 1154 dirimerentur.

327 1202 447 1234 mox
461 1186 643 1234 iterum
661 1205 773 1235 cum
790 1187 987 1236 Sabinis
1002 1186 1306 1253 confligitur.
1346 1187 1445 1236 iam
1461 1185 1651 1235 viribus

226 1272 448 1316 creverat
494 1270 753 1318 Romanus
802 1270 1078 1326 exercitus;
1134 1287 1194 1317 ex
1243 1268 1439 1317 occulto
1496 1268 1650 1317 etiam
1671 1292 1722 1327 40

225 1347 433 1399 additur
488 1349 647 1399 dolus
735 1351 869 1399 missi
930 1357 1048 1399 sunt
1106 1351 1193 1418 qui
1254 1369 1489 1417 magnam
1547 1351 1647 1398 vim

225 1428 496 1496 lignorum,
543 1430 597 1479 in
643 1431 754 1498 ripa
800 1431 1012 1480 Anienis
1060 1432 1320 1491 iacentem,
1365 1431 1417 1480 in
1464 1430 1649 1480 flumen

225 1509 486 1560 ardentem
529 1512 823 1562 conicerent.
898 1519 1148 1579 ventoque
1191 1513 1414 1574 iuvante,
1449 1532 1650 1562 accensa

226 1591 381 1659 ligna,
418 1610 531 1641 cum
569 1593 768 1641 sublicis
804 1593 1082 1655 haererent,
1118 1599 1325 1662 pontem
1358 1594 1647 1643 incendunt.

226 1693 286 1723 ea
324 1693 527 1744 quoque
567 1694 642 1724 res
684 1676 737 1725 in
775 1695 948 1744 pugna
988 1681 1228 1724 terrorem
1270 1675 1394 1725 tulit
1435 1676 1651 1735 Sabinis,
1671 1693 1719 1732 45

227 1763 279 1807 et
300 1757 475 1825 fugam
494 1756 750 1825 impediit3
776 1757 1025 1824 multique
1045 1756 1297 1819 mortales,
1316 1776 1429 1806 cum
1454 1757 1647 1806 hostem

227 1839 530 1906 effugissent,
555 1839 608 1888 in
632 1838 837 1887 flumine
862 1839 970 1905 ipso
994 1839 1196 1905 periere.
1271 1857 1486 1906 quorum
1510 1858 1650 1888 arma

228 1921 485 1972 fluitantia
526 1921 592 1971 ad
633 1922 823 1982 urbem,
866 1922 971 1970 visa
1018 1922 1070 1970 in
1118 1921 1307 1983 Tiberi,
1356 1923 1648 1990 priusquam

227 2004 453 2053 nuntiari
481 2009 665 2071 posset,
699 2003 945 2069 insignem
979 2003 1241 2051 victoriam
1274 2004 1443 2052 fecere.
1516 2003 1649 2052 bello

229 2086 417 2136 Sabino
451 2087 691 2154 perfecto,
726 2086 1031 2152 Tarquinius
1074 2086 1392 2152 triumphans
1431 2088 1648 2135 Romam
1673 2106 1721 2146 50

228 2167 374 2217 redit.
471 2167 586 2216 inde
633 2168 831 2216 Latinis
878 2166 1065 2216 bellum
1117 2168 1250 2217 fecit.
1340 2167 1405 2216 ad
1453 2167 1650 2234 singula

230 2247 420 2316 oppida
442 2247 835 2296 circumferendo
859 2266 1014 2309 arma,
1035 2267 1180 2296 omne
1205 2266 1386 2296 nomen
1407 2248 1646 2296 Latinum

229 2327 443 2378 domuit.
516 2347 617 2395 pax
640 2327 820 2377 deinde
844 2334 919 2377 est
947 2329 1095 2378 facta.

253 2469 459 2519 Servius
498 2469 707 2519 Tullius.
785 2470 890 2519 The
924 2471 1120 2519 miracle
1155 2471 1222 2535 of
1244 2470 1319 2518 his
1353 2470 1619 2518 childhood.

337 2569 416 2619 14.
490 2587 548 2616 eo
589 2574 813 2636 tempore
856 2570 908 2618 in
955 2570 1093 2635 regia
1139 2569 1425 2637 prodigium
1473 2570 1649 2630 visum,

232 2655 514 2716 eventuque
561 2649 789 2698 mirabile
836 2650 950 2699 fuit.
1022 2668 1179 2717 puero
1227 2649 1514 2712 dormienti,
1571 2652 1648 2699 cui

363 2766 403 2797 Ε.
1494 2753 1518 2794 2
