1898 2866
245 135 279 186 4
786 125 911 185 The
952 127 1137 203 Story

199 288 219 329 5
242 273 368 321 duos
423 271 560 321 lucos
607 278 807 340 saeptus
855 278 948 334 est,
994 273 1189 341 asylum
1235 274 1415 341 aperit.
1501 293 1561 323 eo
1607 292 1670 324 ex

243 355 472 404 finitimis
527 354 728 423 populis
783 373 968 421 magna
1013 355 1183 417 turba,
1230 355 1379 405 avida
1424 374 1669 405 novarum

243 456 425 499 rerum,
473 438 711 506 perfugit.
795 438 978 487 virium
1025 457 1191 504 regem
1238 438 1376 488 haud
1421 439 1667 506 paenitet.

243 522 354 566 tum
387 515 580 564 consilii
614 515 840 583 cupidus,
874 521 1077 565 centum
1110 522 1246 565 creat
1278 522 1547 577 senatores,
1579 517 1669 584 qui

241 603 408 665 patres
463 598 617 647 etiam
673 597 940 656 dicunturg
1000 597 1190 666 filiique
1244 617 1416 648 eorum
1463 599 1668 667 patricii

177 702 223 728 10
242 678 578 747 appellantur.

343 762 444 811 iam
479 781 554 811 res
589 763 823 811 Romana
858 762 1074 812 maxime
1109 761 1342 822 valebat3
1386 761 1473 812 sed
1506 761 1667 812 mani-

241 846 370 894 festa
416 851 524 895 erat
571 845 781 913 penuria
828 845 1108 895 mulierum.
1213 845 1464 908 Romulus
1509 845 1670 912 igitur

241 928 433 995 legatos
469 929 599 977 circa
630 928 816 977 vicinas
851 934 1024 994 gentes
1060 929 1216 989 misit,
1249 928 1339 995 qui
1375 928 1667 977 societatem

242 1009 612 1078 conubiumque
658 1028 790 1058 novo
836 1009 1027 1078 populo
1079 1014 1325 1078 peterent.
1421 1027 1669 1075 nusquam

177 1114 219 1155 15
242 1098 413 1142 autem
450 1092 664 1160 benigne
699 1091 888 1159 legatio
925 1092 1103 1141 audita
1137 1097 1225 1141 est.
1300 1091 1428 1140 adeo
1463 1091 1670 1140 finitimi

242 1175 390 1225 simul
422 1177 638 1225 Romam
663 1174 983 1243 spernebant,
1008 1174 1157 1224 simul
1181 1180 1384 1224 tantam
1407 1173 1594 1223 molem
1615 1172 1670 1221 in

241 1256 407 1307 medio
430 1263 728 1307 crescentem
753 1256 1061 1307 metuebant.
1111 1256 1339 1325 plerique
1357 1256 1514 1306 etiam
1531 1255 1666 1323 rogi-

242 1343 386 1388 tant:
425 1343 438 1366 ‘
454 1356 578 1387 num
601 1338 798 1387 feminis
822 1356 1024 1406 quoque
1047 1337 1242 1406 asylum
1265 1337 1532 1405 aperuistis
1548 1335 1591 1385 ?’

345 1439 491 1487 aegre
526 1420 579 1469 id
613 1421 834 1470 Romani
869 1420 1002 1488 passi
1038 1426 1187 1479 sunt3
1236 1418 1374 1468 haud
1408 1418 1565 1468 dubie
1603 1417 1671 1468 ad

172 1525 223 1551 20
242 1504 346 1553 vim
370 1510 593 1572 spectare
616 1522 692 1553 res
716 1504 898 1571 coepit.
965 1503 1214 1553 Romulus
1238 1501 1384 1552 ludos
1408 1500 1670 1551 sollemnes

243 1603 305 1634 ex
328 1584 578 1634 industria
600 1590 762 1653 parat.
819 1584 1025 1634 finitimi
1048 1583 1115 1633 ad
1138 1582 1479 1652 spectaculum
1501 1581 1670 1650 hospi-

222 1666 419 1716 -taliter
465 1667 763 1717 invitantur.
850 1667 984 1716 inter
1031 1685 1112 1715 eos
1160 1665 1462 1714 Sabinorum
1508 1663 1670 1712 omnis

244 1747 524 1797 multitudo
556 1766 669 1797 cum
701 1747 870 1798 liberis
902 1767 960 1796 ac
994 1745 1289 1813 coniugibus
1320 1745 1474 1795 venit.
1546 1743 1669 1794 dum

243 1829 388 1879 ludos
444 1830 709 1891 mirantur,
756 1835 867 1879 tum
920 1848 981 1878 ex
1029 1828 1308 1896 composito
1355 1826 1431 1875 vis
1476 1826 1667 1886 oritur3

173 1932 221 1973 25
244 1913 487 1978 signoque
542 1910 666 1960 dato
721 1911 952 1960 iuventus
1008 1912 1239 1959 Romana
1292 1907 1360 1958 ad
1404 1907 1669 1975 rapiendas

244 1993 461 2059 virgines
508 1993 755 2042 discurrit.
831 1991 1039 2041 turbato
1086 2009 1175 2059 per
1221 1995 1414 2039 metum
1459 1988 1669 2049 ludicro,

246 2074 419 2124 Sabini
461 2080 693 2143 parentes
734 2074 1063 2142 profugiunt3
1118 2073 1350 2120 incusant
1388 2070 1668 2138 hospitium

245 2154 508 2216 violatum,
534 2154 751 2220 deosque
775 2154 1028 2203 invocant.
1087 2170 1205 2201 mox
1228 2151 1385 2200 animi
1409 2156 1668 2218 raptarum

247 2236 472 2302 mitigati
497 2242 637 2295 sunt;
673 2236 997 2285 matrimonio
1022 2240 1290 2284 contentae
1313 2231 1651 2299 quiescebant.

175 2339 224 2377 30
349 2317 435 2367 sed
464 2324 696 2386 parentes
728 2316 930 2366 sordida
954 2322 1089 2365 veste
1121 2315 1437 2381 lacrimisque
1468 2319 1524 2362 et
1549 2332 1669 2381 que-

245 2399 378 2448 rellis
426 2398 862 2465 congregabantur
908 2397 975 2446 ad
1015 2398 1194 2446 Titum
1234 2396 1462 2456 Tatium,
1502 2413 1669 2462 regem

246 2480 561 2530 Sabinorum.
656 2479 792 2529 lente
847 2498 994 2546 agere
1042 2479 1119 2527 his
1166 2478 1348 2528 Tatius
1396 2478 1530 2526 visus
1574 2483 1666 2527 est.

246 2562 420 2627 itaque
451 2562 548 2628 ipsi
573 2567 674 2610 tres
697 2560 891 2629 populi,
916 2560 982 2609 ad
1014 2578 1140 2626 quos
1172 2560 1276 2607 eius
1310 2559 1524 2607 iniuriae
1552 2576 1670 2626 pars

247 2642 552 2708 pertinebat,
601 2642 934 2691 communiter
990 2639 1178 2690 bellum
1234 2645 1432 2707 parant.
1518 2638 1670 2688 effuse
