1898 2866
253 121 287 173 6
791 112 917 171 The
956 114 1141 189 Story

251 277 433 309 sumus
506 259 668 327 perire
707 259 955 309 malumus
993 278 1146 327 quam
1182 258 1363 309 viduae
1396 265 1490 310 aut
1523 260 1678 311 orbae

252 342 449 392 vivere?

182 437 230 478 25
355 430 525 474 movet
558 443 634 474 res
670 424 1051 475 multitudinem
1085 444 1144 475 ac
1178 424 1340 475 duces·
1412 427 1679 495 repentina

254 508 314 556 fit
355 507 524 575 quies;
575 507 691 557 inde
732 507 797 557 ad
839 507 1014 557 foedus
1055 507 1338 557 faciendum
1375 507 1524 557 duces
1558 526 1676 576 pro-

254 587 425 638 deunt.
499 607 588 637 nec
619 607 792 656 pacem
827 589 993 651 modo,
1023 588 1108 638 sed
1139 588 1397 638 civitatem
1429 607 1582 638 unam
1614 607 1678 638 ex

253 669 448 719 duabus
494 670 717 729 faciunt3
776 689 984 737 regnum
1032 670 1349 727 consociant3
1409 669 1676 738 imperium

254 771 401 801 omne
437 753 703 802 conferunt
739 755 969 802 Romam.

561 945 666 994 The
701 946 995 994 translation
1031 945 1100 1009 of
1120 945 1370 994 Romulus.

358 1078 404 1128 6.
475 1078 844 1127 immortalibus
879 1079 1112 1146 perfectis
1137 1078 1388 1147 operibus,
1410 1080 1544 1128 forte
1575 1080 1679 1129 Ro-

256 1157 420 1207 mulus
456 1159 730 1208 exercitum
765 1159 1064 1210 recensebat.
1138 1160 1307 1210 subito
1343 1166 1518 1210 coorta
1552 1165 1679 1210 tem-

256 1244 438 1306 pestas,
486 1258 598 1288 cum
646 1258 830 1307 magno
877 1241 1075 1307 fragore
1122 1241 1530 1309 tonitrubusque,
1570 1247 1678 1290 tam

257 1321 410 1371 denso
446 1341 611 1389 regem
649 1323 848 1390 operuit
889 1321 1079 1383 nimbo,
1117 1328 1176 1372 ut
1217 1328 1538 1391 conspectum
1574 1323 1678 1372 eius

213 1429 233 1470 5
256 1402 448 1471 populo
482 1402 779 1463 abstulerit3
821 1423 911 1453 nec
946 1403 1127 1453 deinde
1162 1404 1215 1453 in
1251 1403 1396 1453 terris
1432 1403 1680 1453 Romulus

256 1484 371 1533 fuit.
433 1501 551 1532 mox
566 1503 736 1533 serena
750 1490 803 1534 et
820 1484 1099 1551 tranquilla
1115 1485 1204 1534 lux
1221 1484 1386 1535 rediit.
1448 1487 1682 1535 Romana

257 1565 430 1634 pubes,
445 1566 620 1616 sedato
637 1565 842 1616 tandem
862 1584 1064 1633 pavore,
1081 1585 1288 1615 vacuam
1307 1565 1472 1615 sedem
1490 1567 1679 1632 regiam

258 1646 402 1697 vidit.

361 1730 482 1779 satis
506 1729 776 1781 credebant
798 1731 1047 1797 patribus,
1065 1732 1154 1798 qui
1172 1730 1391 1798 proximi
1415 1735 1679 1790 steterant,

192 1839 239 1865 10
258 1812 520 1862 sublimem
568 1818 771 1880 raptum
819 1831 919 1862 esse
965 1813 1195 1881 procella.
1302 1818 1490 1874 tamen,
1540 1812 1681 1864 velut

259 1894 496 1945 orbitatis
531 1900 671 1944 metu
707 1895 811 1957 icti,
848 1895 1024 1944 maesti
1067 1894 1155 1944 diu
1197 1894 1426 1944 silebant.
1500 1894 1682 1945 deinde

258 1977 408 2028 deum
443 1976 537 2027 deo
572 1982 767 2039 natum,
803 1996 969 2044 regem
1005 1983 1362 2044 parentemque
1398 1977 1534 2027 urbis
1577 1978 1682 2026 Ro-

260 2078 452 2120 manae,
500 2058 684 2108 salvere
731 2059 1006 2108 Romulum
1054 2058 1245 2108 iubent.
1319 2058 1550 2126 precibus
1598 2078 1683 2107 ex-

261 2147 475 2210 poscunt
510 2147 570 2191 ut
606 2142 858 2210 propitius
900 2161 1036 2190 suam
1082 2160 1273 2208 semper
1314 2142 1526 2209 sospitet
1566 2161 1683 2211 pro-

196 2250 238 2290 15
261 2223 474 2290 geniem.
547 2223 695 2271 fuisse
755 2222 900 2271 credo
959 2223 1172 2289 aliqum,
1230 2223 1317 2289 qui
1376 2221 1682 2290 discerptum

261 2323 427 2372 regem
451 2310 654 2373 patrum
679 2304 909 2354 manibus
933 2304 1078 2352 taciti
1102 2309 1383 2370 arguerent.
1457 2305 1684 2353 manavit

262 2386 395 2435 enim
435 2386 556 2435 haec
603 2404 803 2453 quoque
844 2386 994 2445 fama,
1037 2384 1122 2435 sed
1167 2384 1495 2452 perobscura3
1543 2386 1683 2436 illam

262 2467 473 2517 alteram
508 2466 778 2516 admiratio
813 2466 906 2516 viri
942 2472 994 2516 et
1029 2485 1188 2534 pavor
1227 2484 1457 2534 praesens
1499 2466 1683 2516 nobili-

263 2549 409 2598 tavit.

194 2644 245 2670 20
367 2627 571 2678 consilio
603 2628 756 2677 etiam
789 2628 936 2677 unius
968 2627 1185 2677 hominis
1216 2628 1287 2678 rei
1315 2628 1436 2678 fides
1458 2628 1680 2681 additur.
