1898 2866
229 109 260 163 8
767 100 892 159 Tlae
931 101 1116 176 Story

226 252 407 301 dextra
429 252 483 300 in
507 255 663 319 caput
687 251 882 299 Numae
906 250 1161 319 imposita,
1185 255 1416 319 precatus
1439 250 1517 299 ita
1543 254 1648 300 est:

161 350 205 390 15
228 335 486 402 ‘Iuppiter
508 339 671 401 pater,
691 331 732 381 si
750 338 827 382 est
844 333 919 382 fas
936 333 1070 382 hunc
1088 334 1306 382 Numam
1326 332 1650 399 Pompilium,

230 417 368 466 cuius
392 435 486 484 ego
510 420 666 483 caput
689 420 852 475 teneo,
877 432 1042 481 regem
1068 416 1260 463 Romae
1283 433 1401 473 esse,
1425 419 1486 463 tu
1509 413 1653 479 signa

230 504 366 547 certa
389 497 456 547 da
477 496 655 546 nobis'
725 502 836 545 tum
860 496 1056 563 peregit
1079 495 1242 545 verbis
1265 494 1503 563 auspicia,
1522 511 1652 562 quae

230 581 370 629 mitti
418 578 583 628 vellet.
674 577 858 645 quibus
905 578 1079 638 missis,
1127 575 1408 626 declaratus
1455 593 1545 626 rex
1589 573 1653 624 de

230 661 424 730 templo
459 660 730 711 descendit.
791 701 796 705 .

160 765 210 790 20
334 745 393 806 is,
416 763 571 811 regno
605 744 682 793 ita
712 744 926 812 potitus,
958 743 1133 793 urbem
1165 761 1364 803 novam,
1396 741 1652 792 conditam

234 827 282 875 vi
306 831 359 875 et
382 826 550 886 armis,
574 825 769 893 legibus
793 844 850 874 ac
882 825 1105 874 moribus
1133 824 1195 874 de
1219 826 1419 891 integro
1443 825 1654 875 condere

233 915 395 977 parat.
470 909 692 958 omnium
735 908 955 977 primum
991 907 1310 958 multitudini
1348 908 1655 958 iniciendum

233 989 440 1040 deorum
467 996 658 1039 metum
676 996 815 1039 ratus
839 995 938 1049 est3
963 989 1051 1057 qui
1070 988 1362 1038 descendere
1380 988 1446 1038 ad
1463 989 1656 1038 animos

233 1072 338 1121 sine
373 1072 545 1140 aliquo
582 1079 864 1122 commento
897 1071 1125 1121 miraculi
1156 1090 1258 1120 non
1290 1076 1507 1139 poterat.
1580 1070 1656 1120 ita

162 1177 208 1216 25
233 1153 440 1205 simulat
464 1153 560 1204 sibi
585 1173 698 1203 cum
722 1152 817 1203 dea
849 1153 1034 1220 Egeria
1067 1172 1352 1220 congressus
1383 1158 1656 1203 nocturnos

233 1255 347 1286 esse.
410 1236 514 1284 eius
533 1254 582 1284 se
601 1235 817 1295 monitu,
837 1253 966 1302 quae
989 1235 1333 1302 acceptissima
1355 1234 1452 1284 diis
1475 1242 1655 1295 essent,

234 1338 372 1368 sacra
396 1319 660 1368 instituere
683 1318 914 1368 affirmat.
987 1316 1118 1366 idem
1144 1316 1210 1366 ad
1234 1336 1402 1366 cursus
1430 1316 1580 1367 lunae
1601 1316 1655 1366 in

234 1399 498 1449 duodecim
518 1419 707 1449 menses
725 1399 964 1449 describit
982 1418 1183 1449 annum.
1246 1399 1471 1448 omnium
1486 1406 1656 1449 tamen

236 1482 509 1531 maximum
552 1482 655 1531 eius
698 1500 903 1550 operum
954 1482 1054 1531 fuit
1101 1482 1264 1531 tutela
1309 1481 1448 1532 haud
1494 1483 1659 1533 minor

163 1591 214 1629 30
234 1564 371 1632 pacis
413 1582 563 1631 quam
600 1563 754 1630 regni.
829 1564 904 1612 ita
939 1563 1040 1612 duo
1076 1564 1305 1633 deinceps
1341 1584 1494 1632 reges,
1530 1566 1657 1615 alius

234 1646 336 1695 alia
369 1646 468 1706 via,
504 1645 589 1694 ille
623 1644 774 1704 bello,
810 1645 892 1693 hic
927 1663 1063 1712 pace,
1099 1646 1355 1694 civitatem
1390 1653 1653 1697 auxerunt.

236 1726 483 1776 Romulus
512 1732 702 1794 septem
726 1731 779 1774 et
802 1726 1018 1790 triginta
1041 1727 1270 1791 regnavit
1293 1746 1464 1789 annos,
1491 1730 1659 1778 Numa

237 1812 337 1857 tres
361 1814 414 1857 et
437 1807 789 1875 quadraginta.

392 1990 570 2038 Tullus
604 1990 869 2049 Hostilius,
907 1990 984 2038 the
1020 1990 1156 2037 third
1190 1991 1327 2058 king.
1401 1992 1504 2040 His

701 2071 899 2119 warlike
933 2071 1195 2121 character.

340 2204 385 2254 8.
459 2209 575 2271 post
623 2210 835 2253 mortem
885 2205 1078 2252 Numae
1125 2205 1331 2253 Tullum
1375 2206 1655 2255 Hostilium

236 2301 403 2350 regem
427 2302 528 2332 esse
551 2284 767 2352 populus
791 2284 949 2334 iussit.
1011 2285 1092 2333 hic
1116 2303 1216 2333 non
1241 2285 1400 2334 solum
1426 2288 1657 2354 proximo

237 2364 341 2431 regi
378 2363 647 2424 dissimilis,
682 2363 768 2413 sed
799 2365 1010 2414 ferocior
1040 2366 1191 2414 etiam
1226 2385 1377 2433 quam
1410 2368 1658 2417 Romulus

236 2446 351 2497 fuit.
424 2464 666 2495 senescere
703 2446 958 2495 civitatem
996 2448 1103 2496 otio
1138 2453 1293 2508 ratus,
1332 2468 1500 2499 causas
1535 2450 1656 2500 belli

195 2549 215 2589 5
238 2526 460 2594 undique
507 2527 793 2593 quaerebat.
889 2528 1020 2577 forte
1067 2534 1282 2594 agrestes
1329 2532 1547 2580 Romani
1595 2550 1657 2580 ex

238 2606 443 2656 Albano
466 2625 605 2673 agrO,
629 2607 820 2656 Albani
845 2626 907 2657 ex
929 2610 1163 2658 Romano
1187 2611 1396 2678 praedas
1418 2611 1653 2678 agebant.
