1898 2866
234 101 307 153 24
773 92 898 152 The
937 95 1122 169 Story

230 342 274 390 A
315 344 515 391 mission
552 350 600 392 to
635 343 833 410 Delphi.
881 344 1097 392 .Brutu3
1121 359 1304 410 proves
1321 358 1399 390 ›no
1440 338 1654 389 dullard.

335 490 413 540 19.
488 490 582 539 hoc
640 491 742 540 fere
801 496 1028 559 tempore
1080 496 1373 558 portentum
1431 486 1658 539 terribile

232 571 423 630 visum3
464 572 642 638 anguis
684 590 746 620 ex
793 570 1027 620 columna
1073 571 1239 638 lignea
1284 571 1494 639 elapsus,
1541 587 1656 619 cum

230 655 470 700 terrorem
497 651 549 699 in
573 651 712 717 regia
735 650 945 712 fecisset,
965 650 1120 718 ipsius
1143 650 1272 717 regis
1295 655 1469 718 pectus
1493 649 1656 699 anxiis

230 732 461 800 implevit
497 732 641 781 curis,
715 732 892 798 itaque
930 750 1042 780 cum
1078 730 1145 781 ad
1185 730 1389 799 publica
1422 730 1658 798 prodigia

186 830 207 871 5
230 814 432 863 Etrusci
492 819 696 864 tantum
758 819 898 863 vates
946 812 1319 874 adhiberentur,
1374 813 1470 862 hoc
1517 812 1656 861 velut

229 897 505 947 domestico
553 897 825 947 exterritus
873 897 1000 957 visu,
1047 895 1273 964 Delphos
1318 894 1385 944 ad
1440 894 1657 944 maxime

229 977 460 1027 inclitum
486 978 539 1027 in
564 978 710 1028 terris
735 977 991 1027 oraculum
1016 977 1218 1026 mittere
1236 975 1435 1026 statuit.
1495 993 1656 1042 neque

229 1077 465 1127 responsa
488 1059 579 1109 ulli
604 1059 692 1109 alii
717 1060 1032 1109 committere
1064 1076 1228 1120 ausus,
1253 1057 1379 1107 duos
1410 1057 1539 1106 filios
1567 1074 1658 1127 per

229 1141 429 1207 ignotas
476 1159 535 1190 eo
582 1147 809 1209 tempore
856 1146 1028 1202 terras,
1077 1139 1333 1206 ignotiora
1379 1139 1552 1200 maria,
1601 1139 1654 1188 in

164 1245 209 1271 10
230 1222 492 1272 Graeciam
518 1223 670 1272 misit.
731 1223 882 1272 Titus
906 1228 959 1272 et
982 1224 1179 1271 Arruns
1202 1220 1431 1289 profecti.
1492 1239 1655 1270 comes

228 1305 288 1354 iis
335 1304 539 1355 additus
581 1306 639 1355 L.
685 1305 859 1354 Iunius
906 1305 1112 1365 Brutus,
1159 1304 1440 1371 Tarquinia
1488 1292 1654 1351 sorore

228 1387 357 1452 regis
381 1392 547 1447 natus,
566 1387 758 1435 iuvenis
781 1385 930 1452 longe
953 1385 1080 1434 alius
1099 1385 1319 1452 ingenio,
1337 1403 1490 1453 quam
1514 1384 1654 1433 cuius

229 1468 601 1518 simulationem
649 1469 897 1518 induerat.
971 1486 1032 1516 ex
1079 1466 1327 1517 industria
1372 1467 1536 1516 factus
1587 1464 1654 1515 ad

230 1551 567 1600 imitationem
593 1550 860 1611 stultitiae,
885 1567 997 1598 cum
1023 1567 1073 1598 se
1098 1567 1285 1616 suaque
1313 1547 1529 1617 praedae
1551 1565 1653 1597 esse

162 1655 206 1695 15
228 1632 334 1698 regi
359 1632 558 1691 sineret,
584 1632 734 1681 Bruti
758 1649 959 1698 quoque
982 1629 1120 1680 haud
1143 1629 1325 1679 abnuit
1357 1647 1649 1696 cognomen.

229 1712 322 1762 sub
357 1713 461 1762 eius
494 1713 710 1762 obtentu
743 1712 1053 1778 cognominis
1086 1710 1327 1760 liberator
1358 1709 1443 1759 ille
1474 1708 1651 1778 populi

229 1795 447 1844 Romani
473 1795 668 1843 animus
692 1794 852 1843 latens
878 1793 1235 1861 opperiebatur
1258 1798 1488 1860 tempora
1511 1810 1613 1842 sua.

331 1877 371 1925 is
430 1882 541 1926 tum
601 1895 632 1925 a
689 1876 979 1942 Tarquiniis
1038 1874 1217 1923 ductus
1276 1879 1351 1922 est
1406 1872 1648 1940 Delphos,

228 1957 503 2007 ludibrium
552 1958 712 2007 verius
759 1975 910 2024 quam
959 1974 1134 2005 comes,
1229 1973 1330 2022 quo
1377 1960 1646 2022 postquam

158 2063 208 2090 20
229 2044 434 2088 ventum
482 2044 573 2099 est,
626 2037 858 2105 perfectis
913 2036 1072 2104 patris
1127 2035 1395 2096 mandatiS,
1449 2035 1648 2084 iuvenes

228 2121 560 2180 sciscitantur,
603 2118 667 2167 ad
716 2136 864 2185 quem
912 2136 973 2166 ex
1020 2136 1070 2166 se
1111 2134 1319 2183 regnum
1361 2118 1646 2165 Romanum

228 2208 353 2252 esset
376 2207 658 2251 venturum.
732 2219 792 2248 ex
817 2200 990 2248 infimo
1014 2218 1163 2266 specu
1194 2217 1364 2248 vocem
1397 2197 1647 2247 redditam

227 2284 425 2333 ferunt:
464 2282 759 2349 ‘imperium
797 2299 1045 2330 summum
1083 2282 1275 2330 Romae
1309 2279 1520 2330 habebit
1558 2280 1646 2347 qui

228 2370 447 2413 vestrum
483 2364 691 2431 primUS,
726 2363 940 2423 iuvenes,
983 2362 1205 2411 osculum
1247 2361 1398 2411 matri
1439 2361 1648 2410 tulerit.'

156 2462 205 2502 25
227 2444 494 2510 Tarquinii
518 2444 651 2492 inter
682 2461 747 2504 se,
772 2448 886 2491 uter
915 2443 1067 2510 prior,
1101 2460 1213 2490 cum
1245 2443 1462 2491 Romam
1495 2441 1646 2490 redis-

227 2531 353 2585 sent,
414 2525 563 2573 matri
624 2524 844 2573 osculum
913 2524 1074 2584 daret,
1140 2523 1263 2572 sorti
1323 2523 1643 2590 permittunt.

228 2607 432 2667 Brutus,
455 2605 557 2655 alio
580 2612 719 2655 ratus
751 2612 975 2675 spectare
1007 2605 1272 2673 Pythicam
1297 2622 1483 2667 vocem,
1509 2603 1647 2655 velut
