1898 2866
758 85 836 166 qs*
864 85 958 145 tlte
998 86 1205 164 Isings
1611 97 1682 147 23

194 228 196 231 ’
263 234 498 283 iuvenum
544 233 844 303 praedatum
886 234 999 295 iret,
1041 233 1146 283 dux
1186 232 1252 282 ad
1287 233 1523 282 ultimum
1566 233 1685 283 belli

262 314 461 382 legitur.
557 314 631 364 ibi
686 333 798 363 cum
846 314 1036 383 praelia
1080 333 1237 383 parva
1282 314 1415 364 inter
1470 316 1685 363 Romam

263 395 555 462 Gabiosque
586 396 778 457 fierent,
810 395 1106 463 plerumque
1130 395 1334 445 Gabina
1363 414 1439 444 res
1463 396 1688 462 superior
1712 414 1759 440 10

263 483 385 528 erat.
457 483 570 526 tum
602 477 835 526 certatim
868 477 1049 526 summi
1082 477 1340 544 infimique
1369 477 1685 526 Gabinorum

265 561 474 609 Sextum
520 560 856 627 Tarquinium
903 558 1038 607 dono
1084 559 1292 608 deorum
1341 559 1434 608 sibi
1482 559 1686 608 missum

264 640 441 691 ducem
487 641 698 692 credere.

363 722 540 790 itaque
585 729 856 791 postquam
904 723 1025 772 satis
1074 723 1257 772 virium
1304 723 1567 773 collectum
1620 723 1687 773 ad

264 821 434 852 omnes
457 809 666 852 conatus
690 803 913 864 videbat,
938 809 1050 853 tum
1074 822 1137 853 ex
1159 803 1259 852 suis
1283 822 1439 853 unum
1468 806 1685 854 Romam

264 886 331 936 ad
363 891 562 955 patrem
599 887 781 948 mittit,
817 887 1123 936 sciscitatum
1158 886 1401 954 quidnam
1437 906 1487 935 se
1528 887 1687 937 facere

266 966 430 1018 vellet.
537 967 656 1016 huic
702 967 902 1028 nuntio,
949 968 1087 1035 quia,
1133 966 1295 1028 credo,
1342 967 1526 1019 dubiae
1572 968 1688 1019 fidei

267 1049 548 1111 videbatur,
590 1048 719 1098 nihil
760 1067 879 1099 voce
918 1068 1210 1118 responsum
1250 1055 1339 1100 est.
1411 1069 1517 1111 rex,
1550 1049 1688 1100 velut

265 1130 703 1192 deliberabundus,
723 1131 776 1178 in
794 1130 999 1180 hortum
1017 1130 1218 1180 aedium
1235 1131 1436 1192 transit,
1452 1136 1689 1198 sequente

266 1214 448 1262 nuntio
479 1212 602 1272 filii3
639 1213 711 1262 ibi
744 1212 1061 1262 inambulans
1091 1215 1278 1263 tacitus
1310 1232 1503 1263 summa
1533 1231 1689 1282 papa—

267 1287 438 1343 verum
485 1294 658 1362 capita
701 1293 889 1343 dicitur
935 1293 1116 1342 baculo
1161 1293 1439 1345 decussisse.
1536 1295 1689 1344 inter-

266 1375 492 1444 rogando
515 1375 952 1445 exspectandoque
970 1393 1261 1444 responsum
1286 1378 1495 1426 nuntius
1520 1378 1689 1438 fessus,

268 1463 327 1507 ut
349 1477 404 1507 re
427 1457 739 1526 imperfecta,
771 1457 905 1507 redit
937 1457 1143 1508 Gabios,
1216 1476 1345 1525 quae
1376 1457 1562 1507 dixerit
1586 1459 1690 1526 ipse

267 1557 496 1606 quaeque
531 1538 731 1600 viderit,
767 1539 948 1598 refert3
985 1557 1071 1589 seu
1106 1539 1182 1588 ira
1215 1558 1302 1588 seu
1337 1539 1454 1588 odio
1491 1559 1575 1589 seu
1611 1559 1689 1589 su-

268 1620 444 1689 perbia
467 1621 622 1671 insita
644 1621 836 1670 nullam
859 1639 973 1670 eum
997 1640 1169 1670 vocem
1193 1622 1421 1671 emisisse.
1494 1623 1693 1681 Sextus,

268 1702 357 1752 ubi
404 1701 530 1770 quid
575 1721 754 1771 parens
807 1703 1116 1771 praeciperet
1171 1704 1349 1752 tacitis
1395 1702 1691 1769 ambagibus

270 1783 539 1846 intellexit,
595 1786 836 1853 primores
893 1784 1210 1834 Gabinorum
1266 1784 1451 1834 multos
1506 1784 1691 1853 palam,

270 1867 393 1915 alios
416 1866 546 1915 clam
570 1867 836 1918 interfecit.
898 1868 1070 1935 patuit
1089 1866 1390 1934 quibusdam
1409 1867 1692 1916 volentibus

271 1947 407 2015 fuga,
443 1953 536 1997 aut
570 1948 622 1996 in
658 1948 864 1996 exilium
899 1948 1002 1996 acti
1038 1953 1170 1997 sunt.
1243 1948 1526 1997 absentium
1558 1946 1693 1996 bona

271 2034 425 2095 atque
470 2029 889 2096 interemptorum
937 2028 1128 2097 populo
1174 2029 1334 2077 divisa
1379 2035 1510 2077 sunt.
1618 2029 1693 2077 ita

272 2108 534 2158 dulcedine
556 2109 744 2177 privati
777 2109 1025 2158 commodi
1059 2128 1224 2157 sensus
1254 2108 1499 2158 malorum
1523 2108 1690 2176 publi-

274 2208 443 2239 corum
490 2188 662 2251 adimi,
718 2189 890 2252 donec,
948 2190 1071 2240 orba
1125 2190 1331 2239 consilio
1386 2190 1689 2256 auxilioque,

275 2270 478 2319 Gabina
507 2288 584 2319 res
616 2272 722 2337 regi
757 2273 989 2321 Romano
1021 2272 1125 2320 sine
1158 2271 1262 2320 ulla
1293 2270 1616 2320 dimicatione
1641 2271 1691 2319 in

276 2370 479 2403 manum
503 2352 738 2403 traditur.

1711 1238 1762 1264 20

1713 1637 1760 1676 25

1714 2046 1765 2084 30
