1898 2866
736 113 814 194 qf'
842 114 936 175 the
975 116 1183 192 Isings
1637 125 1668 174 5

242 262 562 314 vastantibus
617 263 676 312 fit
733 263 908 313 obvius
964 282 1076 313 cum
1124 264 1347 313 exercitu
1393 264 1671 321 Romulus3

244 345 444 412 levique
478 344 751 394 certamine
785 343 934 394 docet
962 363 1144 394 vanam
1180 345 1285 395 sine
1319 345 1510 395 viribus
1545 345 1671 395 iram

244 445 358 476 esse.

243 630 468 679 Another
491 647 607 680 war.
687 632 945 699 Tarpeia's
968 634 1231 700 treachery.
1306 634 1529 701 Strange
1556 634 1673 683 end-

381 713 479 780 ing
511 713 576 780 (ff
611 731 642 762 a
679 715 836 764 battle.
910 716 1128 764 Roman-5·
1163 716 1264 763 and
1299 715 1505 764 Sabinas*
1528 714 1673 781 form

384 813 473 844 one
507 802 645 846 state.

350 925 394 973 5.
469 930 646 991 postea
692 923 866 973 Sabini
914 924 1073 973 acrius
1121 942 1223 972 rem
1277 930 1475 990 gerunt.
1571 924 1673 973 iam

244 1005 374 1053 nihil
406 1023 496 1072 per
527 1005 651 1054 iram
682 1011 852 1054 actum
876 1010 983 1064 est3
1018 1023 1108 1053 nec
1133 1005 1461 1054 ostenderunt
1484 1006 1674 1056 bellum

245 1087 538 1154 priusquam
594 1086 892 1136 intulerunt.
995 1086 1204 1135 consilio
1259 1087 1414 1136 etiam
1470 1087 1674 1137 additus

245 1167 405 1218 dolus.
478 1169 686 1236 Spurius
721 1168 967 1236 Tarpeius
1000 1169 1260 1216 Romanae
1293 1169 1394 1217 arci
1427 1175 1672 1237 praeerat.

245 1251 394 1299 huius
426 1250 581 1299 filiam
614 1250 884 1318 Tarpeiam
916 1250 1098 1299 Tatius
1130 1269 1261 1299 nova
1294 1250 1514 1318 quadam
1548 1270 1673 1301 mer-

246 1332 362 1381 cede
410 1332 704 1400 corrumpit,
753 1337 813 1381 ut
859 1338 1080 1381 armatos
1128 1333 1180 1382 in
1227 1352 1390 1382 arcem
1438 1335 1671 1402 accipiat.

247 1414 400 1481 vulgo
433 1413 607 1464 Sabini
640 1432 813 1462 aureas
844 1414 1065 1463 armillas
1097 1415 1333 1465 bracchio
1365 1415 1506 1465 laevo
1537 1435 1675 1482 gem-

246 1503 508 1565 matosque
554 1497 729 1546 anulos
776 1497 1048 1547 habebant.
1121 1499 1340 1567 Tarpeia
1387 1499 1564 1566 igitur,
1612 1498 1675 1548 de

246 1579 414 1647 pretio
455 1579 759 1647 proditionis
802 1598 918 1629 suae
955 1586 1151 1648 rogata,
1188 1581 1476 1650 respondit:
1528 1582 1676 1631 ‘date

246 1661 372 1709 mihi
396 1659 535 1727 quod
558 1661 611 1709 in
635 1660 848 1709 sinistris
873 1661 1105 1711 manibus
1128 1662 1359 1713 habetis.'
1413 1663 1602 1730 itaque,
1623 1665 1675 1713 in

245 1761 410 1792 arcem
446 1744 660 1811 accepti,
687 1742 930 1811 perfidam
967 1743 1212 1810 virginem
1249 1746 1402 1794 scutis
1439 1745 1674 1794 obrutam

247 1843 498 1875 necavere.

347 1912 551 1956 tenuere
598 1912 771 1956 tamen
812 1925 975 1955 arcem
1018 1907 1223 1966 Sabini3
1274 1914 1429 1976 atque
1469 1913 1675 1977 postero

245 1989 328 2039 die
373 1990 611 2038 acerrime
658 1990 912 2056 utrimque
960 1994 1244 2056 pugnatum
1293 1995 1381 2039 est.
1467 1991 1553 2040 sed
1600 2010 1675 2040 res

247 2071 482 2120 Romana
527 2076 636 2120 erat
683 2072 922 2139 superior.
1006 2076 1118 2119 tum
1167 2069 1383 2119 Sabinae
1430 2071 1675 2132 mulieres,

247 2170 462 2218 quarum
504 2170 566 2201 ex
606 2152 790 2201 iniuria
829 2151 1017 2201 bellum
1067 2157 1235 2200 ortum
1282 2158 1408 2213 erat,
1451 2153 1675 2203 crinibus

247 2234 404 2301 passis
436 2234 569 2283 inter
600 2233 703 2283 tela
726 2234 953 2283 volantia
975 2253 1025 2283 se
1050 2234 1262 2292 inferre;
1300 2234 1495 2302 impetu
1520 2235 1674 2295 fact0‚

248 2314 481 2364 dirimere
504 2316 709 2364 infestas
733 2316 883 2374 acies3
915 2316 998 2365 hic
1021 2322 1209 2383 patres,
1233 2315 1336 2364 illic
1360 2316 1492 2365 viros
1517 2335 1674 2378 orare,

250 2411 312 2443 ne
343 2394 584 2460 sanguine
616 2392 834 2442 nefando
866 2395 1020 2443 soceri
1053 2395 1323 2460 generique
1352 2413 1402 2443 se
1425 2413 1675 2462 resperge-

1695 282 1742 321 35

1699 1270 1719 1310 5

1700 1683 1748 1711 10

249 2480 378 2524 rent.
448 2474 571 2523 haec
602 2493 804 2541 quoque
836 2475 1134 2526 clamitant:
1178 2481 1191 2504 ‘
1210 2476 1249 2524 si
1284 2475 1487 2524 conubii
1522 2482 1676 2543 atque
1699 2498 1748 2523 20

250 2555 531 2604 adfinitatis
579 2574 664 2603 vos
711 2556 871 2622 piget,
918 2557 971 2605 in
1019 2575 1109 2605 nos
1157 2557 1338 2604 vertite
1386 2556 1496 2606 iras.
1587 2576 1677 2605 nos

252 2656 401 2687 causa
441 2637 702 2686 vulnerum
751 2657 807 2687 ac
855 2638 1081 2687 caedium
1124 2638 1242 2686 viris
1284 2657 1341 2687 ac
1382 2638 1676 2706 parentibus
