1898 2866
749 107 828 187 qf
857 108 951 166 the
990 109 1196 187 Isings
1606 123 1678 173 25

183 248 187 253 ¹
259 257 300 306 si
348 257 610 325 prolapsus
659 256 930 320 cecidisset,
985 264 1170 309 terram
1227 261 1394 310 osculo
1447 262 1679 329 contigit,

259 336 447 386 scilicet
470 336 609 404 quod
641 356 700 387 ea
731 340 1008 388 communis
1040 346 1203 390 mater
1234 342 1459 390 omnium
1492 348 1679 392 morta-
1736 334 1747 344 ⁰

256 419 382 470 lium
406 426 546 470 esset.
619 420 839 471 reditum
865 421 982 471 inde
1006 424 1237 473 Romam.
1702 452 1751 491 30

286 628 569 696 Eapulsion
603 629 670 695 (ff
693 629 771 679 the
810 630 1077 697 Tarquins.
1155 631 1261 681 The
1278 633 1403 698 first
1440 633 1642 682 consuls.

356 759 436 809 20.
510 758 716 809 tandem
773 761 1030 810 Romanos
1089 760 1260 810 taedet
1318 761 1677 810 dominationis

252 837 469 888 iniustae
515 841 925 907 Tarquiniorum.
999 861 1030 891 a
1076 843 1240 891 Bruto
1288 843 1452 891 oratio
1499 842 1677 892 habita

251 925 328 969 est
362 939 683 989 nequaquam
719 923 823 972 eius
860 924 1065 990 ingenii,
1103 923 1241 991 quod
1282 924 1573 974 simulatum
1611 924 1677 974 ad

251 1019 361 1050 eam
385 1001 519 1051 diem
543 1003 724 1064 fuerat,
751 1004 812 1054 de
844 1005 893 1053 vi
926 1023 983 1054 ac
1017 1005 1251 1073 superbia
1274 1006 1419 1072 regis,
1445 1007 1676 1056 miseriis-

250 1101 349 1151 que
383 1090 436 1134 et
470 1084 727 1135 laboribus
769 1086 930 1154 plebis
972 1087 1025 1135 in
1067 1086 1220 1136 fossas
1262 1086 1551 1154 cloacasque
1591 1087 1675 1137 de-
1698 1111 1718 1152 5

250 1183 467 1225 mersae;
503 1168 761 1216 Romanos
793 1168 1036 1229 homines,
1062 1168 1273 1218 victores
1298 1170 1522 1218 omnium
1548 1170 1677 1219 circa

248 1245 571 1314 populorum,
608 1248 807 1316 opifices
843 1268 900 1298 ac
935 1248 1176 1317 lapicidas
1213 1268 1305 1317 pro
1346 1249 1674 1300 bellatoribus

247 1328 422 1379 factos,
496 1330 573 1378 his
605 1331 1038 1399 atrocioribusque
1071 1330 1181 1380 aliis
1218 1332 1467 1381 incensam
1500 1333 1673 1382 multi-

247 1409 478 1460 tudinem
524 1413 768 1480 perpulit,
815 1419 875 1462 ut
923 1414 1188 1481 imperium
1234 1414 1340 1480 regi
1387 1414 1671 1482 abrogaret,

247 1492 513 1560 exulesque
536 1512 637 1543 esse
661 1494 858 1544 iuberet
882 1496 941 1545 L.
968 1496 1303 1562 Tarquinium
1329 1514 1442 1545 cum
1461 1497 1672 1564 coniuge
1698 1517 1744 1544 10

245 1589 304 1620 ac
349 1571 533 1623 liberis.
629 1574 750 1641 ipse,
800 1574 1095 1636 iunioribus,
1143 1575 1231 1643 qui
1280 1574 1416 1624 ultro
1467 1576 1673 1625 nomina

245 1652 459 1714 dabant,
492 1654 634 1704 lectis
670 1657 993 1723 armatisque,
1032 1656 1255 1706 Ardeam
1298 1658 1350 1706 in
1393 1662 1555 1706 castra
1596 1662 1671 1706 est

245 1737 513 1803 profectus

348 1817 527 1867 harum
552 1837 717 1868 rerum
742 1819 935 1868 nuntiis
960 1819 1012 1867 in
1038 1826 1200 1869 castra
1232 1819 1455 1888 perlatis,
1480 1837 1593 1868 cum
1618 1837 1670 1868 re

244 1917 376 1949 nova
422 1899 649 1968 trepidus
690 1919 778 1950 rex
819 1906 1048 1968 pergeret
1090 1902 1305 1950 Romam
1348 1901 1414 1950 ad
1455 1902 1669 1969 compri-
1695 1925 1738 1966 15

245 1980 451 2030 mendos
475 1987 659 2042 motus,
679 1981 820 2030 flexit
839 1982 970 2030 viam
997 1983 1203 2043 BrutuS,
1219 2001 1281 2031 ne
1306 1982 1482 2032 obvius
1507 1983 1669 2041 fieret;

245 2061 520 2130 eodemque
555 2063 656 2111 fere
688 2069 915 2131 tempore
947 2062 1151 2112 diversis
1185 2063 1447 2113 itineribus
1479 2065 1668 2113 Brutus

244 2143 488 2204 Ardeam,
505 2144 811 2211 Tarquinius
832 2146 1046 2193 Romam
1072 2150 1327 2193 venerunt.
1387 2145 1667 2211 Tarquinio

246 2222 440 2271 clausae
463 2227 641 2289 portae
674 2222 979 2289 exiliumque
1011 2221 1273 2272 indictum.
1345 2222 1665 2272 liberatorem

246 2304 384 2354 urbis
419 2304 554 2354 laeta
588 2310 751 2354 castra
786 2323 1030 2371 accepere,
1067 2304 1329 2372 exactique
1364 2305 1481 2354 inde
1521 2305 1665 2354 liberi
1688 2329 1738 2355 20

245 2387 389 2454 regis,
460 2386 563 2436 duo
598 2393 794 2454 patrem
830 2386 986 2435 secuti
1023 2390 1158 2446 sunt,
1195 2386 1283 2452 qui
1318 2386 1575 2435 exulatum
1614 2388 1665 2435 in

248 2471 487 2518 Etruscos
511 2469 692 2518 ierunt.
765 2470 945 2517 Sextus
969 2467 1274 2535 Tarquinius
1304 2468 1511 2530 Gabios,
1536 2474 1665 2517 tam-

247 2569 399 2619 quam
442 2551 494 2599 in
535 2569 679 2599 suum
720 2569 946 2617 regnum,
988 2551 1257 2618 profectus,
1305 2550 1371 2600 ab
1417 2550 1665 2599 ultoribus
