1898 2866
224 115 295 165 10
764 109 890 169 The
929 111 1113 186 Story

219 256 474 323 utrimque
499 275 592 324 pro
616 258 788 306 castris
813 257 915 306 duo
947 259 1221 318 exercitus3
1258 258 1410 308 erecti
1439 279 1642 330 suspen-

218 340 358 407 sique
382 340 551 388 animo
575 340 922 391 intenduntur.
996 341 1149 391 datur
1181 342 1396 409 signum,
1424 343 1641 393 infestis-

150 442 192 482 15
217 440 315 488 que
356 423 506 471 armis
553 423 683 472 terni
725 423 940 484 iuvenes,
989 442 1284 489 magnorum
1332 426 1642 474 exercituum

217 503 408 553 animos
454 512 698 571 gerentes,
746 512 1063 555 concurrunt.
1136 512 1195 556 ut
1241 508 1407 575 primo
1464 508 1639 557 statim

217 604 457 636 concursu
516 587 801 656 increpuere
860 607 1015 649 arma,
1069 590 1408 657 micantesque
1462 590 1642 640 fulsere

216 668 390 734 gladii,
415 670 593 719 horror
615 671 789 738 ingens
814 676 1095 739 spectantes
1118 673 1446 739 perstringit;
1471 678 1641 741 torpe-

215 750 308 800 bat
343 770 441 800 vox
477 752 795 820 spiritusque.
869 752 970 802 duo
1012 755 1248 816 Romani,
1293 772 1443 823 super
1482 754 1638 805 alium

144 849 194 876 20
215 831 358 893 alius,
385 833 658 883 vulneratis
681 833 845 883 tribus
869 833 1104 895 Albanis,
1127 836 1439 903 exspirantes
1470 854 1639 885 corru-

216 920 378 964 erunt.
452 933 564 964 cum
597 914 955 965 conclamasset
986 915 1175 983 gaudio
1198 916 1432 966 Albanus
1455 917 1640 967 exerci-

215 1001 315 1055 tus,
350 997 604 1046 Romanas
639 995 859 1063 legiones
894 1016 1003 1065 spes
1039 1003 1171 1059 tota,
1205 998 1431 1049 nondum
1465 1004 1639 1049 tamen

215 1096 349 1139 cura,
386 1077 685 1130 deseruerat.

316 1179 472 1210 unum
492 1163 776 1212 Romanum
802 1169 904 1213 tres
929 1164 1143 1214 Curiatii
1173 1165 1637 1226 circumsteterant3

140 1263 188 1303 25
212 1244 345 1292 forte
369 1243 410 1291 is
434 1243 629 1310 integer
651 1244 765 1294 fuit.
839 1263 974 1311 ergo,
1007 1251 1066 1295 ut
1099 1253 1382 1314 segregaret
1412 1265 1637 1316 pugnam

212 1320 403 1384 eorum,
448 1325 660 1392 capessit
707 1325 893 1392 fugam.
967 1326 1067 1375 iam
1115 1326 1433 1394 aliquantum
1482 1328 1636 1396 spatii

212 1423 273 1453 ex
320 1424 378 1454 eo
419 1405 544 1467 loco,
594 1406 682 1456 ubi
723 1413 1009 1474 pugnatum
1051 1413 1143 1469 est,
1190 1409 1475 1474 aufugerat,
1521 1426 1635 1458 cum

211 1487 475 1554 respiciens
499 1488 639 1538 videt
662 1488 857 1555 magnis
875 1488 1152 1538 intervallis
1171 1495 1445 1557 sequentes.
1507 1508 1636 1540 unus

210 1567 350 1617 haud
366 1567 542 1636 procul
564 1569 770 1629 aberat3
803 1569 856 1618 in
882 1589 1030 1637 quem
1051 1589 1234 1636 magno
1252 1571 1448 1639 impetu
1465 1571 1631 1622 rediit.

139 1677 189 1714 30
210 1657 263 1700 et
295 1650 415 1700 dum
449 1651 681 1701 Albanus
714 1653 959 1701 exercitus
992 1652 1230 1702 inclamat
1264 1654 1519 1714 Curiatiis,
1555 1655 1633 1703 uti

211 1750 357 1800 opem
404 1732 570 1780 ferant
617 1731 781 1791 fratri,
827 1731 928 1780 iam
973 1733 1237 1793 Horatius,
1286 1751 1426 1781 caeso
1472 1734 1631 1794 hoste,

210 1813 475 1863 secundam
500 1832 723 1881 pugnam
747 1812 967 1881 petebat.
1033 1818 1154 1862 tunc
1173 1813 1387 1862 clamore
1410 1815 1631 1864 Romani

209 1895 453 1945 adiuvant
497 1896 710 1945 militem
754 1915 897 1945 suum
915 1900 943 1955 3⁷
970 1901 1021 1944 et
1062 1895 1147 1944 ille
1187 1895 1394 1963 defungi
1442 1897 1632 1965 praelio

209 1977 431 2028 festinat.
504 1978 795 2045 priusquam
819 1977 965 2040 alter,
989 1978 1077 2046 qui
1101 1996 1203 2027 non
1231 1977 1407 2045 procul
1438 1979 1630 2040 aberat,

136 2080 184 2119 35
208 2060 442 2126 consequi
467 2065 651 2127 posset,
675 2060 890 2109 alterum
917 2060 1199 2109 Curiatium
1223 2060 1439 2110 conficit.

311 2140 484 2206 itaque
519 2147 737 2208 aequato
773 2142 944 2190 Marte
980 2140 1163 2207 singuli
1201 2149 1510 2209 supererant,
1544 2143 1626 2193 sed

207 2240 298 2270 nec
323 2240 409 2288 spe
431 2239 521 2270 nec
546 2220 734 2270 viribus
767 2240 923 2289 pareS.
998 2221 1141 2282 alter,
1167 2222 1388 2271 intactus
1419 2224 1554 2273 ferro
1577 2230 1629 2274 et

207 2302 464 2368 geminata
487 2302 699 2351 victoria
722 2303 880 2363 ferox,
904 2308 1155 2352 certamen
1188 2305 1397 2353 tertium
1431 2306 1627 2366 inibat3

207 2384 352 2444 alter,
376 2385 557 2433 fessum
582 2384 801 2446 vulnere,
826 2385 1007 2433 fessum
1033 2403 1177 2434 cursu
1201 2386 1403 2436 trahens
1432 2406 1627 2456 corpus,

133 2485 185 2521 40
206 2467 466 2534 victusque
501 2467 715 2515 fratrum
752 2473 870 2515 ante
902 2485 951 2515 se
984 2473 1166 2532 strage,
1196 2467 1375 2517 victori
1409 2468 1629 2519 obicitur

206 2548 355 2597 hosti.
417 2566 506 2597 nec
530 2546 658 2596 illud
675 2547 920 2615 praelium
939 2548 1053 2597 fuit.
1115 2549 1376 2598 Romanus
1394 2550 1625 2600 exultans

205 2629 430 2695 gladium
490 2629 542 2678 in
601 2628 775 2694 iugulo
834 2628 1012 2695 defigit
1038 2650 1050 2687 ς
1110 2630 1354 2679 iacentem
1422 2630 1623 2698 spoliat.
