1898 2866
258 136 326 187 18
791 126 852 183 T
845 124 916 185 Ite
955 126 1140 202 Story

255 274 424 322 Servio
471 273 643 322 Tullio
691 273 791 322 fuit
838 291 1036 333 nomen,
1085 277 1239 340 caput
1285 272 1457 320 arsisse
1509 270 1679 320 ferunt

255 355 532 405 multorum
569 356 622 406 in
658 362 942 424 conspectu,
1014 355 1234 424 plurimo
1270 355 1430 421 igitur
1464 352 1676 403 clamore

214 428 241 495 5‘
257 444 386 499 orto,
424 457 536 487 cum
573 437 781 505 quidam
817 437 1142 486 familiarium
1177 455 1239 503 aq
1248 454 1362 485 uam
1398 434 1465 485 ad
1499 435 1677 484 restin-

256 520 510 587 guendum
531 521 698 581 ferret,
718 539 750 569 a
771 522 946 587 regina
967 526 1192 569 retentus
1215 525 1314 578 est;
1338 537 1484 586 quae,
1505 517 1678 567 sedato

258 601 501 662 tumultu,
527 602 715 650 moveri
748 601 914 650 vetuit
935 619 1164 669 puerum,
1190 600 1348 649 donec
1380 618 1470 648 sua
1501 604 1680 666 sponte

259 688 572 751 experrectus
597 689 736 733 esset.
799 701 918 731 mox
936 701 1047 731 cum
1067 700 1242 731 somno
1260 681 1462 730 flamma
1479 698 1681 747 quoque

258 764 403 814 abiit.
475 770 603 825 tum,
639 763 861 814 abducto
893 764 946 813 in
980 769 1223 813 secretum
1254 763 1377 822 viro,
1410 759 1679 828 Tanaquil,

193 869 239 895 10
260 844 432 894 ‘viden
457 851 517 895 tu
541 863 751 913 puerum
775 845 940 905 hunc‚'
964 845 1148 912 inquit,
1172 849 1344 910 ‘quem
1369 848 1476 891 tam
1500 840 1679 890 humili

259 926 401 975 cultu
418 925 720 976 educamus?
790 926 912 975 scire
935 926 1052 976 licet
1074 926 1209 975 hunc
1231 925 1400 974 lumen
1424 923 1680 991 quondam

260 1009 406 1059 rebus
430 1008 613 1057 nostris
637 1007 805 1058 dubiis
836 1008 1067 1057 futurum
1091 1007 1494 1075 praesidiumque
1516 1005 1682 1072 regiae

260 1090 491 1140 afflictae.
565 1089 776 1159 proinde
800 1090 1063 1140 materiam
1088 1089 1307 1156 ingentis
1331 1088 1520 1137 decoris
1545 1087 1680 1136 omni

261 1173 579 1240 indulgentia
636 1178 810 1222 nostra
867 1170 1181 1222 nutriamus’
1273 1170 1390 1220 inde
1447 1188 1575 1239 puer
1629 1170 1682 1218 in

195 1272 238 1311 15
261 1255 472 1304 caritate
519 1259 674 1321 atque
715 1254 903 1302 honore
944 1258 1067 1302 erat.
1140 1253 1306 1302 evenit
1353 1251 1497 1300 facile
1544 1250 1684 1318 quod

261 1335 356 1385 diis
392 1334 530 1384 cordi
566 1339 671 1394 est3
708 1334 898 1384 iuvenis
934 1333 1093 1383 evasit
1129 1352 1238 1382 vere
1274 1332 1455 1381 indolis
1486 1332 1683 1398 regiae3

261 1423 328 1479 et,
377 1434 489 1465 cum
537 1422 860 1483 quaereretur
905 1434 1057 1482 gener
1096 1416 1391 1483 TarquiniO,
1434 1414 1590 1463 filiam
1637 1414 1682 1462 ei

262 1520 401 1549 suam
449 1518 537 1549 rex
583 1498 865 1567 despondit.
941 1504 1115 1548 tantus
1163 1498 1237 1548 illi
1278 1498 1436 1546 honos
1478 1496 1683 1546 habitus

263 1582 457 1632 credere
504 1580 742 1650 prohibet
790 1599 928 1629 serva
975 1586 1150 1630 natum
1205 1598 1317 1628 eum
1374 1597 1684 1647 parvumque

192 1682 245 1708 20
263 1666 426 1732 ipsum
463 1664 675 1733 servisse.

346 1863 558 1911 Murder
590 1863 659 1927 of
684 1863 989 1929 Tarquinius
1023 1863 1235 1910 Priscus.
1314 1861 1604 1927 Tanaquil&

719 1962 949 2012 presence
982 1944 1052 2008 (gf
1071 1944 1219 1991 mind.

369 2079 448 2127 15.
523 2076 1071 2143 duodequadragesimo
1106 2076 1259 2124 ferme
1300 2094 1449 2135 anno,
1486 2094 1547 2123 ex
1583 2094 1685 2141 quo

266 2176 472 2224 regnare
520 2163 752 2225 coeperat
803 2158 1123 2223 Tarquinius,
1172 2175 1272 2205 non
1327 2156 1464 2223 apud
1518 2175 1682 2223 regem

268 2237 434 2300 modo,
460 2237 546 2287 sed
568 2237 707 2306 apud
730 2244 897 2305 patres
921 2237 1235 2305 plebemque,
1252 2237 1473 2285 maximo
1495 2238 1686 2286 honore

268 2321 464 2370 Servius
487 2318 686 2367 Tullius
709 2324 830 2368 erat.
904 2324 1013 2367 tum
1033 2319 1166 2367 Anci
1191 2317 1281 2365 filii
1305 2317 1406 2366 duo
1430 2319 1686 2385 putabant

227 2430 246 2469 5
268 2401 535 2470 praecipue
571 2399 624 2448 id
660 2399 836 2447 domus
873 2417 988 2447 suae
1023 2399 1188 2465 regiae
1229 2397 1438 2447 dedecus
1481 2399 1602 2461 fore,
1643 2400 1683 2449 si

270 2501 371 2531 non
397 2480 548 2530 modo
564 2480 782 2542 adveniS‚
802 2479 886 2529 sed
904 2481 1052 2529 servis
1070 2480 1224 2528 etiam
1244 2498 1452 2546 regnum
1470 2486 1682 2547 pateret.

273 2564 497 2612 Servium
521 2563 653 2611 enim
678 2581 817 2611 serva
840 2568 1016 2611 natum
1034 2581 1135 2611 esse
1152 2562 1481 2611 affirmabant.
1555 2563 1685 2612 ferro

272 2643 431 2708 igitur
453 2661 562 2691 eam
587 2661 749 2691 arcere
773 2642 1127 2705 contumeliam
1153 2647 1415 2701 statuunt3
1452 2642 1546 2709 ipsi
1580 2645 1683 2709 regi
