1898 2866
201 118 271 170 16
745 110 868 170 lee
908 112 1092 188 Story

237 297 544 364 Tarquinius
578 299 792 359 Priscus,
830 299 908 347 the
925 299 1058 366 fiflh
1094 300 1231 366 king.
1305 299 1409 354 His
1446 314 1586 347 ware.

490 379 596 428 The
631 397 777 428 razor
813 380 915 428 and
950 380 1026 428 the
1063 380 1327 429 whetstone.

303 501 381 550 13.
455 501 686 567 regnavit
703 502 877 549 Ancus
900 520 1057 550 annos
1075 507 1322 568 quattuor
1343 506 1397 549 et
1419 499 1620 567 viginti,

198 581 405 630 cuilibet
441 582 751 649 superiorum
787 601 961 648 regum
996 582 1116 632 belli
1152 583 1386 650 pacisque
1427 581 1622 631 artibus

199 669 250 712 et
294 662 457 730 gloria
502 682 607 731 par.
681 664 781 713 iam
830 663 919 713 filii
967 664 1070 713 eius
1125 663 1489 714 adolescebant.
1562 682 1622 712 eo

199 746 357 813 magis
375 746 682 813 Tarquinius
707 747 909 808 instare,
930 752 988 795 ut
1005 765 1158 814 quam
1177 747 1397 814 primum
1415 747 1622 796 comitia

154 847 174 887 5
198 827 304 895 regi
328 827 543 878 creando
572 828 762 878 fierent.
836 828 1018 895 quibus
1052 828 1271 889 indictis,
1297 827 1390 878 sub
1421 834 1621 896 tempus

198 930 377 979 pueros
413 917 651 960 venatum
694 912 846 961 misit.
920 912 1059 979 isque
1095 911 1285 979 primus
1327 917 1379 960 et
1419 913 1621 979 petiisse

197 993 462 1042 ambitiose
486 1012 695 1060 regnum
719 1000 772 1042 et
790 995 1070 1043 orationem
1094 994 1281 1044 dicitur
1302 993 1533 1042 habuisse
1555 992 1622 1043 ad

199 1074 533 1124 conciliandos
574 1074 736 1142 plebis
777 1075 971 1123 animos
1008 1075 1352 1143 compositam.
1426 1074 1622 1141 ingenti

198 1173 438 1205 consensu
460 1154 678 1223 populus
703 1156 964 1203 Romanus
988 1174 1102 1203 eum
1126 1174 1334 1222 regnare
1358 1155 1516 1204 iussit.

131 1261 177 1287 10
300 1235 385 1284 ille
408 1235 598 1285 bellum
630 1236 850 1304 primum
884 1255 996 1285 cum
1029 1237 1229 1286 Latinis
1261 1237 1444 1304 gessit3
1478 1254 1621 1304 prae-

197 1317 362 1385 daque
387 1317 503 1366 inde
521 1319 743 1367 maxima
761 1324 973 1380 revecta,
993 1318 1138 1368 ludos
1156 1319 1444 1387 opulentius
1467 1337 1622 1386 quam

197 1400 386 1467 priores
417 1419 556 1467 reges
588 1400 721 1451 fecit.
795 1406 918 1450 tunc
950 1402 1169 1469 primum
1201 1401 1347 1463 cir00,
1371 1400 1462 1468 qui
1488 1419 1622 1450 nunc

198 1482 445 1530 maximus
503 1481 706 1543 dicitur,
766 1482 1056 1550 designatus
1114 1481 1250 1532 locus
1315 1487 1402 1533 est.
1477 1501 1623 1532 muro

198 1582 399 1630 quoque
439 1562 641 1631 lapideo
683 1563 988 1613 circumdare
1030 1564 1203 1613 urbem
1239 1563 1471 1632 parabat,
1508 1583 1622 1614 cum

131 1663 177 1704 15
198 1644 442 1693 Sabinum
477 1643 665 1694 bellum
708 1645 897 1711 coeptis
939 1645 1223 1695 intervenit.
1298 1645 1525 1713 adeoque
1564 1665 1623 1694 ea

198 1726 368 1776 subita
413 1745 489 1775 res
536 1726 653 1788 fuit,
700 1732 760 1775 ut
806 1727 1055 1775 Anienem
1109 1729 1382 1776 transirent
1436 1727 1620 1789 hostes,

198 1809 491 1877 priusquam
539 1808 804 1877 prohibere
844 1809 1088 1857 exereitus
1130 1810 1388 1857 Romanus
1435 1815 1617 1877 posset.

199 1890 372 1959 itaque
414 1888 726 1959 trepidatum
770 1891 962 1938 Romae
1003 1896 1092 1940 est.
1166 1896 1217 1938 et
1258 1891 1422 1958 primo
1463 1890 1622 1940 dubia

198 1972 425 2032 victoria,
468 1990 653 2038 magna
699 1971 954 2039 utrimque
1002 1971 1149 2021 caede
1195 1978 1480 2039 pugnatum
1528 1979 1617 2023 est.

129 2076 180 2102 20
198 2053 417 2104 reductis
460 2053 638 2103 deinde
680 2055 733 2103 in
774 2060 937 2103 castra
977 2054 1199 2103 hostium
1248 2054 1419 2121 copiis,
1468 2054 1621 2103 datur

198 2137 419 2203 spatium
445 2137 687 2186 Romanis
711 2136 776 2186 ad
800 2135 1080 2204 parandum
1105 2134 1167 2184 de
1192 2136 1389 2201 integro
1413 2135 1615 2185 bellum.

300 2218 623 2284 Tarquinius,
642 2219 863 2284 equitem
883 2218 1099 2266 maxime
1124 2218 1222 2265 suis
1241 2216 1406 2266 deesse
1430 2216 1619 2266 viribus

197 2303 356 2359 ratus,
388 2299 636 2347 centurias
671 2299 900 2366 equitum
935 2298 1044 2348 vult
1077 2299 1393 2348 constituere.
1466 2305 1620 2366 negat

197 2380 378 2429 Attius
402 2380 606 2439 Navius,
633 2379 834 2430 inclitus
857 2399 917 2429 eo
941 2386 1167 2448 tempore
1191 2399 1367 2447 augur,
1393 2381 1488 2429 hoc
1511 2381 1618 2430 fieri

129 2484 175 2523 ²5
197 2479 356 2527 posse,
380 2461 476 2510 nisi
499 2479 613 2510 aves
638 2467 817 2529 coepto
841 2462 1092 2511 favissent.
1166 2462 1323 2511 iratus
1347 2481 1449 2522 rex,
1470 2465 1618 2528 ‘age‚'

197 2543 381 2610 inquit,
421 2543 616 2592 ‘divine
658 2550 733 2606 tn,
775 2544 871 2606 dic,
914 2545 1082 2594 fierine
1118 2545 1275 2613 possit
1311 2545 1450 2612 quod
1485 2563 1617 2594 nunc

198 2642 291 2689 ego
350 2629 516 2673 mente
574 2625 834 2691 concipio.'
927 2643 1038 2673 cum
1099 2625 1183 2674 ille
1241 2625 1453 2692 augurio
1511 2644 1616 2675 rem
