1898 2866
787 121 864 199 of
892 119 984 178 tlze
1029 119 1230 197 Χίης-,9
1634 127 1704 179 19

285 270 489 320 insidias
537 274 733 338 parant.
829 286 892 316 ex
937 267 1223 335 pastoribus
1269 266 1371 316 duo
1417 268 1705 316 ferocissimi

285 351 465 401 delecti
497 351 563 400 ad
586 351 792 400 facinus,
865 350 917 398 in
950 349 1197 398 vestibulo
1229 349 1392 415 regiae
1425 348 1706 397 tumultuo-
1734 369 1780 395 10

285 433 487 493 sissime,
513 432 674 500 specie
697 431 850 491 rixae,
876 431 929 479 in
961 450 1010 479 se
1043 448 1210 479 omnes
1242 431 1554 496 apparitores
1579 430 1707 495 regis

275 518 602 562 convertunt.
676 511 806 572 inde,
844 529 956 559 cum
993 510 1142 559 ambo
1177 528 1342 576 regem
1379 508 1706 576 appellarent,

289 595 453 643 vocati
501 593 566 642 ad
615 594 779 661 ipsum
828 598 1061 661 pergunt.
1134 592 1298 660 primo
1347 591 1604 639 vociferari
1657 595 1709 639 et

286 676 518 724 certatim
542 674 672 723 alter
694 675 842 723 alteri
868 674 1164 740 obstrepere.
1240 673 1441 722 coerciti
1472 691 1502 720 a
1534 672 1709 721 lictore

286 762 339 806 et
362 756 480 805 iussi
516 756 728 804 invicem
761 754 938 817 dicere,
965 755 1168 804 tandem
1203 754 1410 822 obloqui
1443 753 1705 803 desistunt.
1734 777 1777 818 15

287 856 416 886 unus
438 855 543 887 rem
568 856 630 886 ex
654 837 935 904 composito
969 835 1179 886 orditur.
1254 835 1374 885 dum
1408 836 1632 884 intentus
1657 835 1709 883 in

289 939 403 969 eum
427 939 477 968 se
501 938 590 968 rex
621 919 823 979 avertit,
856 918 986 967 alter
1016 917 1201 967 elatam
1235 918 1441 966 securim
1475 918 1527 966 in
1557 923 1711 985 caput

288 1001 490 1063 deiecit,
524 1001 801 1067 relictoque
838 1001 890 1049 in
926 999 1129 1049 vulnere
1165 999 1285 1061 telo,
1317 999 1466 1049 ambo
1498 1019 1547 1048 se
1579 1001 1710 1049 foras

288 1083 490 1132 eiciunt.

390 1165 727 1232 Tarquinium
754 1163 1112 1213 moribundum
1146 1183 1259 1213 cum
1291 1165 1379 1232 qui
1413 1165 1543 1213 circa
1566 1169 1711 1213 erant
1732 1184 1782 1211 20

289 1248 613 1316 excepissent,
638 1247 750 1296 illos
773 1247 1023 1313 fugientes
1047 1245 1245 1295 lictores
1263 1245 1708 1313 comprehendunt.

289 1329 478 1379 clamor
499 1312 634 1378 ‘inde
677 1346 1038 1395 concursusque
1076 1329 1386 1378 mirantium.
1457 1327 1711 1395 Tanaquil

290 1413 424 1461 inter
482 1411 763 1460 tumultum
824 1409 988 1459 claudi
1047 1410 1232 1475 regiam
1296 1409 1450 1459 iubet.
1541 1410 1711 1458 Servio

292 1512 502 1561 propere
560 1492 721 1541 accito
782 1510 892 1540 cum
959 1508 1117 1558 paene
1183 1508 1483 1557 exsanguem
1550 1490 1711 1538 virum

293 1574 606 1636 ostendisset,
640 1573 870 1623 dextram
903 1579 1076 1621 tenens
1109 1578 1236 1633 orat,
1271 1591 1332 1621 ne
1365 1572 1578 1621 inultam
1612 1591 1713 1621 esse
1735 1589 1780 1629 25

295 1663 508 1706 mortem
545 1656 698 1705 soceri
735 1656 880 1704 sinat.
955 1659 968 1681 ‘
985 1661 1130 1704 tuum
1167 1656 1274 1716 est,'
1306 1655 1490 1721 inquit,
1529 1654 1712 1715 ‘Servi,

294 1739 334 1788 si
358 1739 436 1787 vir
458 1757 524 1799 eS,
558 1755 785 1804 regnum,
819 1755 920 1786 non
953 1754 1123 1785 eorum
1156 1737 1243 1803 qui
1276 1736 1449 1784 alienis
1482 1735 1711 1784 manibus

295 1820 564 1889 pessimum
601 1819 793 1867 facinus
826 1818 994 1867 fecere.
1057 1819 1190 1884 erige
1226 1823 1277 1866 te
1313 1817 1529 1884 deosque
1565 1816 1712 1866 duces

295 1920 514 1970 sequere,
528 1901 618 1968 qui
636 1900 825 1949 clarum
844 1901 940 1948 hoc
955 1900 1060 1948 fore
1075 1905 1245 1966 caput,
1265 1899 1438 1947 divino
1455 1898 1711 1965 quondam

294 1983 592 2033 circumfuso
652 1982 774 2048 igni,
834 1980 1212 2049 portenderunt.
1325 1999 1457 2028 nunc
1515 1987 1567 2029 te
1626 1981 1714 2030 illa
1735 2002 1784 2039 30

294 2063 518 2113 caelestis
553 2064 741 2111 excitet
776 2062 1006 2119 flamma3
1042 2080 1173 2110 nunc
1208 2062 1543 2128 expergiscere
1586 2081 1708 2111 vere.

295 2152 348 2195 et
381 2163 471 2194 nos
506 2144 756 2212 peregrini
791 2144 1119 2210 regnavimus.
1193 2143 1279 2209 qui
1317 2143 1395 2203 sis,
1437 2161 1538 2191 non
1581 2144 1713 2193 unde

296 2233 446 2275 natus
464 2227 545 2286 sis,
571 2231 764 2292 reputa.
826 2226 867 2273 si
885 2231 976 2274 tua
994 2244 1046 2273 re
1070 2224 1238 2273 subita
1261 2225 1465 2274 consilia
1489 2232 1715 2293 torpent,

297 2313 355 2356 at
376 2313 436 2356 tu
459 2325 571 2354 mea
593 2306 826 2372 sequere?

400 2405 512 2435 cum
584 2386 770 2435 clamor
836 2387 1151 2454 impetusque
1218 2387 1559 2436 multitudinis
1630 2390 1715 2438 vix
1737 2407 1783 2445 35

299 2467 532 2517 sustineri
572 2473 756 2533 posset,
802 2486 863 2517 ex
910 2469 1160 2534 superiore
1202 2474 1345 2535 parte
1386 2468 1585 2518 aedium
1626 2488 1717 2537 per

301 2550 541 2598 fenestras
598 2547 843 2615 populum
901 2548 1153 2615 Tanaquil
1212 2550 1501 2616 alloquitur.
1575 2551 1715 2600 iubet

301 2629 436 2679 bono
471 2629 641 2676 animo
676 2646 806 2687 esse3
847 2629 1068 2695 sopitum
1107 2629 1255 2678 fuisse
1294 2649 1460 2695 regem
1501 2631 1715 2679 affirmat

1467 2733 1586 2775 2-2
