1898 2866
198 119 270 170 14
739 109 865 169 The
903 111 1087 187 Story

225 299 269 348 A
275 317 394 348 mnas·
427 299 669 359 Marcius,
707 299 785 348 tlw
802 300 990 364 fimrtlc
1027 300 1164 367 king.
1238 299 1506 349 Additiwcs
1540 306 1590 348 to

330 382 409 431 the
442 383 554 448 city.
633 382 739 432 The
774 383 971 449 coming
1001 382 1069 448 (ff
1091 382 1169 432 the
1208 382 1472 450 Tar-quim.

299 505 379 555 12.
451 504 631 553 Tullus
664 523 848 572 magna
879 504 1042 572 gloria
1064 504 1184 554 belli
1207 506 1441 571 regnavit
1463 523 1620 554 annos

196 585 321 635 duos
345 590 397 634 et
429 586 658 653 triginta.
732 604 834 654 quo
866 592 1085 646 mortuo,
1116 587 1319 635 Ancum
1351 586 1619 646 Marcium,

198 667 392 715 Numae
433 673 687 735 nepotem,
728 686 894 735 regem
936 668 1152 736 populus
1194 670 1410 727 ereavit3
1452 675 1620 736 patres

196 750 333 798 fuere
372 754 614 799 auctores,
688 749 878 798 civibus
920 750 1014 799 otii
1056 749 1251 818 cupidis
1293 755 1344 806 et
1391 750 1620 799 finitimis

150 848 172 887 5
197 831 489 880 civitatibus
507 831 643 880 facta
666 850 775 899 spes
799 850 985 880 novum
1009 850 1175 898 regem
1199 832 1280 880 avi
1304 831 1358 881 in
1382 831 1622 881 instituta

196 913 470 963 abiturum.
571 913 730 980 igitur
787 914 978 974 Latini,
1038 932 1150 963 cum
1209 914 1408 982 quibus,
1466 913 1621 963 Tullo

198 1001 455 1062 regnante,
491 996 650 1045 ictum
692 994 866 1045 foedus
908 1002 1032 1058 erat,
1069 995 1375 1046 sustulerant
1409 996 1619 1047 animos.

198 1094 311 1124 cum
358 1076 689 1125 incursionem
731 1076 784 1125 in
826 1094 1003 1143 agrum
1043 1078 1332 1126 Romanum
1373 1077 1621 1138 fecissent,

197 1157 542 1226 repetentibus
574 1176 650 1207 res
683 1158 926 1207 Romanis
959 1159 1169 1227 superbe
1196 1177 1487 1227 responsum
1510 1157 1621 1208 red-

131 1260 177 1286 10
197 1240 361 1299 dunt;
406 1257 624 1307 namque
672 1239 888 1289 desidem
941 1242 1227 1290 Romanum
1276 1260 1442 1308 regem
1489 1241 1623 1291 inter

198 1320 377 1370 sacella
418 1326 469 1370 et
510 1339 619 1369 aras
661 1327 891 1370 acturum
935 1341 1036 1371 esse
1082 1341 1290 1390 regnum
1339 1323 1438 1372 rati
1486 1328 1618 1374 sunt.

198 1404 372 1452 Ancus
418 1407 606 1463 tamen,
654 1404 876 1452 exercitu
931 1423 1062 1453 novo
1120 1405 1417 1472 conscripto,
1474 1404 1621 1455 urbes

199 1483 441 1552 quasdam
477 1484 780 1533 Latinorum
815 1485 865 1533 vi
902 1486 1049 1553 cepit.

301 1571 497 1614 secutus
533 1583 722 1615 morem
758 1585 931 1633 regum
967 1568 1212 1635 priorum,
1246 1570 1333 1635 qui
1370 1588 1474 1619 rem
1514 1571 1621 1619 Ro-

131 1672 174 1712 15
198 1666 399 1697 manam
422 1653 669 1696 auxerant
692 1647 923 1697 hostibus
949 1649 1000 1696 in
1026 1649 1283 1698 civitatem
1302 1651 1622 1717 accipiendis,

199 1729 579 1778 multitudinem
617 1747 813 1778 omnem
851 1730 1066 1778 Romam
1104 1729 1345 1779 traduxit.
1419 1737 1473 1781 et
1506 1750 1619 1781 cum

199 1812 328 1861 circa
346 1811 616 1871 Palatium,
636 1810 799 1860 sedem
825 1818 1041 1860 veterem
1060 1813 1421 1873 Romanorum,
1446 1813 1619 1863 Sabini

201 1894 511 1962 Capitolium
540 1899 694 1960 atque
725 1912 904 1954 arcem,
931 1893 1155 1943 Caelium
1181 1899 1403 1943 montem
1426 1895 1618 1944 Albani

199 1976 503 2044 implessent,
536 1976 851 2024 Aventinum
887 1993 1045 2024 novae
1078 1974 1399 2024 multitudini
1422 1975 1616 2027 datum.

128 2079 178 2105 20
199 2057 479 2108 Ianiculum
504 2076 704 2125 quoque
728 2057 995 2107 adiectum.
1069 2056 1123 2105 id
1147 2075 1246 2105 non
1273 2076 1417 2107 muro
1440 2058 1617 2121 solum,

198 2139 284 2189 sed
315 2139 469 2188 etiam
502 2144 659 2206 ponte
692 2138 930 2199 Sublicio,
963 2143 1074 2187 tum
1106 2138 1323 2205 primum
1356 2138 1408 2188 in
1445 2140 1618 2190 Tiberi

199 2222 349 2282 facto,
387 2220 622 2286 coniungi
665 2218 777 2268 urbi
819 2219 1026 2287 placuit.
1102 2220 1375 2279 Quiritium
1418 2239 1619 2289 quoque

198 2303 346 2361 fossa,
368 2299 506 2350 haud
528 2319 740 2368 parvum
765 2301 1151 2361 munimentum,
1175 2300 1308 2349 Anci
1340 2302 1469 2368 regis
1493 2321 1618 2371 opus

199 2388 287 2432 est.
361 2399 524 2430 carcer
546 2379 612 2429 ad
634 2386 874 2430 terrorem
899 2381 1159 2430 crescentis
1189 2380 1426 2431 audaciae
1454 2384 1620 2434 media

127 2483 175 2523 25
199 2463 339 2524 urbe,
358 2463 621 2512 imminens
644 2462 771 2522 foro,
795 2461 1098 2511 aedificatur.
1161 2480 1250 2510 nec
1273 2462 1392 2512 urbs
1415 2468 1618 2514 tantum

198 2546 294 2594 hoc
334 2563 449 2610 rege
490 2545 662 2604 crevit,
705 2543 790 2593 sed
831 2544 983 2592 etiam
1026 2562 1145 2610 ager
1190 2544 1421 2611 finesque.
1494 2546 1619 2596 silva

199 2626 362 2675 Mesia
401 2625 693 2676 Veientibus
734 2624 1002 2692 adempta3
1044 2642 1200 2690 usque
1241 2623 1306 2673 ad
1348 2644 1484 2676 mare
1523 2627 1618 2676 im-
