1898 2866
745 104 822 183 qf
851 105 944 163 tlze
982 107 1188 182 Kings
1645 110 1677 170 7

183 243 186 247 s
252 269 472 320 namque
494 253 734 303 Proculus
759 253 933 315 Iulius,
958 255 1177 303 sollicita
1199 255 1407 304 civitate
1433 254 1678 304 desiderio

253 336 384 402 regis
429 342 483 386 et
529 336 722 385 infensa
770 335 1018 403 patribus,
1068 336 1120 385 in
1163 337 1448 385 contionem
1488 336 1676 404 prodit.

255 417 562 480 ‘Romulus,'
597 418 785 486 inquit,
824 422 837 446 ‘
856 419 1093 480 Quirites,
1130 437 1307 486 parens
1341 419 1490 468 huius
1525 418 1678 481 urbis,

252 498 404 548 hodie
437 499 602 567 prima
632 498 759 560 luce,
792 498 928 548 caelo
961 505 1166 567 repente
1198 499 1443 568 delapsus,
1473 519 1523 549 se
1555 499 1679 549 mihi

253 579 459 630 obvium
505 580 661 630 dedit.
757 581 984 649 perfusus
1030 581 1251 643 horrore,
1299 580 1679 631 venerabundus
1701 599 1749 638 25

252 663 449 726 adstiti,
472 670 648 732 petens
671 664 901 732 precibus
926 670 985 713 ut
1009 670 1186 713 contra
1209 664 1395 714 intueri
1420 665 1494 714 fas
1523 665 1680 714 esset.'

252 744 386 806 ‘abi‚
407 746 622 807 11untia,'
645 746 830 814 inquit,
856 751 870 775 ‘
886 746 1146 807 Romanis,
1172 745 1404 795 caelestes
1437 746 1514 796 ita
1538 745 1680 807 velle,

251 833 313 878 ut
334 846 448 878 mea
478 829 646 878 Roma
678 833 832 895 caput
867 827 1002 877 orbis
1034 833 1283 877 terrarum
1315 827 1394 878 sit.
1468 826 1679 895 proinde

250 926 357 957 rem
397 907 668 957 militarem
713 907 913 966 colant;
962 908 1221 976 sciantque
1262 913 1315 957 et
1356 907 1431 957 ita
1467 908 1679 976 posteris

252 989 478 1050 tradant,
536 989 699 1038 nullas
759 1009 876 1057 opes
931 990 1174 1039 humanas
1230 990 1380 1039 armis
1435 990 1679 1039 Romanis
1700 1016 1752 1055 30

252 1072 478 1121 resistere
509 1072 684 1139 posse.'
755 1074 768 1097 ‘
783 1071 934 1131 haec‚'
964 1072 1149 1139 inquit,
1176 1075 1189 1098 ⁶
1204 1071 1419 1131 locutus,
1451 1071 1677 1121 sublimis

253 1153 415 1202 abiit?
484 1151 560 1201 illi
595 1152 704 1200 viro
739 1152 862 1201 haec
897 1153 1157 1202 nuntianti
1191 1144 1407 1201 maxime
1440 1152 1674 1203 creditur.

253 1232 555 1282 desiderium
601 1233 809 1282 Romuli
857 1233 994 1301 apud
1042 1233 1240 1301 plebem
1289 1234 1678 1301 exercitumque,

252 1314 390 1363 facta
424 1313 522 1363 fide
558 1315 974 1375 immortalitatis,
1011 1316 1224 1364 lenitum
1261 1321 1349 1366 est.

340 1521 447 1570 The
481 1523 625 1588 reign
661 1521 727 1586 qf
749 1521 937 1581 Numa,
972 1521 1146 1569 Second
1179 1522 1309 1588 king
1339 1523 1406 1587 of
1429 1523 1592 1571 Rome.

354 1656 402 1707 7.
477 1653 653 1702 inclita
721 1653 920 1702 iustitia
988 1653 1263 1720 religioque
1330 1672 1388 1702 eo
1452 1658 1678 1722 tempore

253 1737 448 1785 Numae
473 1735 712 1803 Pompilii
737 1741 859 1785 erat.
935 1735 1149 1784 Curibus
1174 1735 1371 1785 Sabinis
1388 1734 1674 1795 habitabat,

253 1817 330 1866 vir
351 1817 747 1866 consultissimus
766 1817 926 1865 omnis
945 1816 1103 1865 divini
1129 1822 1282 1883 atque
1306 1817 1514 1865 humani
1539 1817 1673 1868 iuriS.

252 1903 422 1966 patres
445 1897 664 1948 Romani
690 1896 919 1946 inclinari
945 1914 1063 1964 opes
1088 1896 1152 1945 ad
1177 1896 1402 1957 Sabinos,
1421 1915 1536 1962 rege
1559 1895 1675 1946 inde

254 1985 474 2047 sumpto,
517 1977 836 2043 intellegunt.
910 1983 1098 2036 tamen,
1139 1978 1387 2026 neminem
1430 1978 1676 2045 praeferre
1699 1998 1720 2039 5

254 2059 329 2109 illi
374 2061 483 2109 viro
530 2060 655 2120 ausi,
701 2059 767 2108 ad
814 2078 968 2108 unum
1019 2077 1188 2107 omnes
1230 2060 1424 2108 Numae
1465 2077 1674 2124 regnum

252 2139 575 2191 deferendum
612 2141 897 2191 decernunt.

354 2222 441 2272 ille
487 2224 692 2284 accitus,
734 2223 863 2272 sicut
910 2221 1158 2271 Romulus
1204 2222 1416 2288 augurio
1464 2240 1672 2288 regnum

254 2303 472 2373 adeptus
518 2310 609 2365 est,
657 2304 718 2353 de
766 2323 814 2352 se
861 2322 1061 2371 quoque
1108 2302 1225 2352 deos
1279 2303 1467 2352 consuli
1515 2303 1672 2353 iussit.

254 2385 370 2435 inde
404 2386 472 2435 ab
507 2404 695 2451 augure
731 2385 974 2435 deductus
1010 2386 1062 2434 111
1098 2404 1279 2446 arcem,
1314 2385 1365 2433 in
1401 2384 1568 2452 lapide
1609 2383 1675 2434 ad
1699 2407 1747 2433 10

254 2467 512 2516 meridiem
537 2486 704 2516 versus
729 2467 967 2517 consedit.
1041 2486 1203 2533 augur
1234 2466 1300 2515 ad
1331 2466 1521 2515 laevam
1554 2467 1673 2526 eius,

255 2548 420 2615 capite
457 2547 641 2608 velato,
679 2547 842 2596 sedem
885 2549 1034 2615 cepit,
1078 2547 1256 2595 dextra
1298 2565 1450 2596 manu
1489 2546 1672 2596 lituum

255 2634 445 2678 tenens,
518 2633 647 2688 tum,
683 2628 814 2677 lituo
849 2628 901 2676 in
943 2627 1134 2676 laevam
1171 2645 1373 2676 manum
1411 2626 1673 2686 translatO,
