1898 2866
784 119 863 200 of
892 120 985 179 the
1024 120 1232 198 Isiugs
1641 129 1709 179 21

290 272 508 321 Romam
562 274 716 336 auget
771 267 1031 335 Esquiliis,
1086 266 1258 334 ibique
1314 267 1437 335 ipse,
1492 272 1552 316 ut
1605 266 1716 316 loco

292 353 515 420 dignitas
538 352 696 412 fieret,
730 349 948 400 habitat.
1020 367 1201 417 aggere
1233 355 1286 398 et
1317 349 1458 398 fossis
1489 354 1542 398 et
1574 367 1718 398 muro

292 429 570 480 circumdat
617 428 806 479 urbem.
894 428 1124 496 regnavit
1171 446 1328 477 annos
1375 434 1621 495 quattuor
1667 434 1718 477 et
1739 445 1786 487 25

290 511 645 581 quadraginta,
704 511 780 560 ita
838 516 898 560 ut
955 509 1091 560 bono
1150 509 1303 558 etiam
1360 508 1718 576 moderatoque

290 591 574 643 succedenti
608 592 713 660 regi
749 590 963 641 difficilis
996 590 1269 640 aemulatio
1300 596 1440 640 esset.
1512 589 1566 639 id
1593 609 1718 657 quo-

291 694 389 743 que
412 674 479 723 ad
502 674 716 742 gloriam
741 674 964 735 accessit,
988 672 1125 740 quod
1158 691 1269 722 cum
1302 672 1391 721 illo
1414 671 1562 721 simul
1586 673 1719 722 iusta

292 775 351 806 ac
373 756 605 824 legitima
627 773 783 822 regna
807 754 1111 804 occiderunt.
1185 753 1238 803 id
1270 754 1434 822 ipsum
1464 760 1570 803 tam
1595 755 1719 803 mite

290 857 349 887 ac
383 842 491 886 tam
530 836 846 885 moderatum
883 836 1149 903 imperium
1185 840 1354 884 tamen
1386 835 1632 902 deponere
1665 836 1717 884 in
1739 853 1789 892 30

290 921 461 970 animo
507 918 740 968 habuisse
787 918 1004 977 dicitur3
1052 917 1139 966 sed
1186 917 1340 966 scelus
1387 917 1714 968 domesticum

290 1000 580 1052 liberandae
616 1001 812 1068 patriae
849 1000 1055 1049 consilia
1090 1001 1308 1066 agitanti
1344 1001 1630 1051 intervenit.

400 1194 711 1262 Tarquinius
745 1196 1011 1262 Superbus,
1049 1195 1126 1245 the
1159 1196 1354 1245 Seventh
1388 1196 1492 1244 and
1523 1196 1618 1245 last

703 1278 840 1345 king.
914 1280 977 1327 H
976 1279 1016 1327 is
1051 1285 1284 1346 tyranny.

398 1412 476 1462 17.
551 1410 785 1471 creditur,
839 1411 959 1478 quia
1018 1430 1118 1460 non
1174 1411 1411 1462 abhorret
1466 1431 1497 1462 a
1551 1418 1715 1462 cetero

291 1490 487 1552 scelere,
534 1491 733 1540 Tulliae
781 1492 915 1541 iussu
963 1494 1187 1542 Servium
1237 1512 1336 1543 esse
1378 1494 1712 1546 interfectum.

291 1578 532 1640 carpento
556 1578 688 1621 certe
722 1572 774 1621 in
807 1572 970 1621 forum
1006 1574 1205 1623 invecta
1236 1575 1461 1624 evocavit
1494 1576 1656 1625 virum
1689 1595 1715 1625 e

291 1653 444 1715 curia,
493 1672 758 1721 regemque
806 1655 970 1722 prima
1016 1655 1305 1723 appellavit.
1401 1676 1514 1707 cum
1561 1677 1620 1708 ea
1665 1677 1715 1708 se

290 1734 498 1784 domum
535 1736 793 1804 reciperet,
830 1738 1020 1786 restitit
1055 1738 1266 1805 pavidus
1301 1745 1455 1807 atque
1490 1741 1715 1790 inhibuit
1738 1761 1757 1801 5

290 1816 455 1866 frenos
491 1818 531 1866 is
567 1818 655 1885 qui
690 1837 842 1885 equos
875 1818 1075 1886 agebat,
1109 1820 1451 1888 iacentemque
1482 1821 1714 1871 dominae

291 1898 518 1947 Servium
554 1899 865 1949 trucidatum
902 1900 1138 1950 ostendit.
1212 1901 1415 1951 foedum
1447 1903 1713 1952 inhuman-

290 1997 476 2047 umque
512 1980 629 2030 inde
661 1981 884 2030 traditur
915 1981 1086 2042 scelus,
1121 1989 1546 2051 monumentoque
1577 1985 1713 2034 locus

290 2065 380 2110 est.
450 2061 754 2111 Sceleratum
791 2063 955 2112 vicum
994 2071 1192 2126 vocant,
1225 2084 1326 2133 quo
1361 2085 1530 2116 amens
1571 2068 1712 2116 furiis

290 2142 463 2191 Tullia
498 2161 587 2210 per
622 2145 780 2211 patris
817 2163 994 2212 corpus
1027 2151 1319 2213 carpentum
1351 2147 1505 2213 egisse
1537 2149 1712 2209 fertur,
1738 2176 1784 2202 10

291 2228 587 2291 partemque
634 2226 891 2291 sanguinis
938 2226 1137 2293 paterni
1184 2226 1356 2276 tulisse
1402 2228 1467 2278 ad
1509 2235 1711 2297 penates

293 2320 420 2353 suos.

394 2385 511 2435 inde
535 2387 594 2437 L.
621 2388 927 2455 Tarquinius
951 2406 1156 2456 regnare
1180 2389 1363 2458 coepit,
1381 2391 1460 2440 cui
1487 2392 1711 2460 Superbo

293 2484 568 2532 cognomen
593 2468 729 2518 facta
759 2468 1024 2531 dederunt,
1058 2471 1177 2536 quia
1209 2489 1428 2520 socerum
1454 2473 1711 2540 sepultura

292 2547 573 2614 prohibuit,
608 2551 883 2600 Romulum
923 2571 1122 2620 quoque
1163 2554 1469 2621 insepultum
1510 2557 1710 2623 periisse
1736 2577 1780 2618 15

293 2629 565 2691 djctitans3
598 2633 936 2701 primoresque
968 2641 1188 2703 patrum,
1222 2654 1345 2703 quos
1378 2638 1531 2685 Servii
1565 2637 1710 2686 rebus
